2908 4284
563 288 668 338 urrann
692 287 822 336 rnrnvs
1124 277 1241 347 [noso

275 476 333 539 per
348 457 514 520 Venerem
530 473 655 536 quaeso
671 452 957 533 compositumque
974 459 1084 533 caput

229 560 284 624 ille
300 579 372 642 ego,
390 578 465 622 cum
483 556 567 620 tristi
584 555 700 620 morbo
715 555 850 618 defessa
866 555 1001 630 iaceres,

272 675 305 728 te
320 663 412 726 dicor
428 660 514 724 votis
530 659 693 742 eripuisse
710 659 812 722 meis:

229 767 367 850 ipseque
382 776 415 828 te
431 765 556 827 circum
573 762 710 825 lustravi
726 762 853 825 sulfure
870 782 963 844 puro,

273 870 418 934 carmine
434 887 510 931 cum
528 868 657 948 magico
675 865 913 946 praecinuisset
929 884 1030 929 anus:

229 974 302 1056 ipse
317 972 492 1056 procuravi
507 989 550 1034 ne
567 978 704 1052 possent
720 988 820 1031 saeva
835 988 955 1031 nocere

272 1077 408 1152 somnia,
424 1087 475 1140 ter
491 1083 607 1138 sancta
622 1073 857 1136 deveneranda
872 1072 978 1135 mola:

227 1181 300 1263 ipse
315 1200 379 1262 ego
395 1180 525 1243 velatus
542 1178 597 1240 filo
614 1177 801 1258 tunicisque
818 1175 934 1239 solutis

272 1293 349 1348 vota
366 1302 485 1347 novem
502 1281 635 1346 Triviae
652 1289 750 1344 nocte
766 1279 884 1344 silente
900 1279 986 1344 dedi.

229 1389 340 1452 omnia
357 1386 519 1469 persolvi:
543 1386 665 1449 fruitur
682 1405 770 1448 nunc
787 1384 870 1447 alter
887 1403 1009 1462 amore,

273 1501 307 1556 et
322 1491 476 1574 precibus
492 1490 573 1553 felix
589 1489 691 1552 utitur
706 1489 762 1552 ille
779 1489 870 1550 meis.

228 1604 263 1658 at
279 1596 360 1657 mihi
375 1594 508 1658 felicem
520 1594 631 1668 vitam,
649 1593 678 1657 si
695 1592 787 1656 salva
802 1591 934 1664 fuisses,

272 1699 440 1780 fingebam
456 1698 604 1772 demens,
622 1697 681 1761 sed
698 1707 859 1760 renuente
875 1696 948 1759 deo.

229 1822 305 1865 rura
322 1801 438 1877 colam,
454 1801 657 1884 frugumque
674 1800 780 1864 aderit
797 1820 871 1864 mea
888 1800 986 1864 Delia
1002 1809 1124 1877 custos,

237 1935 240 1942 ·
273 1905 446 1968 arcadum
463 1924 589 1968 messes
606 1905 675 1969 sole
691 1905 821 1968 calente
838 1914 931 1981 teret,

229 2018 287 2071 aut
303 2008 383 2070 mihi
399 2007 543 2072 servabit
560 2008 667 2092 plenis
683 2007 717 2071 in
734 2008 886 2072 lintribus
902 2029 984 2072 uvas

274 2132 454 2195 pressaque
469 2112 575 2176 veloci
591 2111 733 2175 candida
750 2121 862 2176 musta·
877 2112 970 2194 pede.

228 2225 426 2279 consuescet
441 2235 615 2278 numerare
631 2235 744 2296 pecus,
763 2226 960 2279 consuescet
975 2215 1119 2280 amantis

273 2320 425 2401 garrulus
442 2320 474 2382 in
493 2318 647 2382 dominae
664 2319 779 2382 ludere
796 2338 897 2381 verna
914 2319 997 2382 sinu.

229 2423 286 2485 illa
301 2423 364 2486 deo
380 2421 462 2485 sciet
477 2421 644 2503 agricolae
660 2443 719 2505 pro
736 2423 859 2487 vitibus
874 2444 983 2498 uvam,

275 2546 335 2608 pro
352 2535 466 2607 segete
482 2527 602 2607 spicas,
620 2545 680 2606 pro
697 2546 799 2608 grege
816 2527 904 2590 ferre
921 2527 1052 2610 dapem.

230 2629 286 2693 illa
301 2639 396 2710 regat
411 2638 558 2704 cunctos,
576 2629 623 2691 illi
640 2630 707 2692 sint
723 2632 835 2694 omnia
852 2650 966 2694 curae:

273 2742 308 2797 at
322 2734 414 2795 iuvet
428 2734 462 2795 in
478 2742 547 2796 tota
565 2753 618 2796 me
635 2733 716 2796 nihil
733 2754 806 2798 esse
823 2735 930 2798 domo.

231 2837 296 2899 huc
312 2837 423 2900 veniet
440 2836 600 2899 Messalla
618 2858 721 2911 meus,
739 2839 792 2901 cui
807 2839 916 2902 dulcia
934 2857 1033 2921 poma

277 2939 374 3003 Delia
389 2939 520 3003 selectis
538 2940 692 3004 detrahat
707 2941 894 3005 arboribus:

231 3052 265 3106 et
280 3052 409 3105 tantum
426 3053 584 3107 venerata
601 3044 716 3121 virum,
735 3046 824 3108 hunc
841 3046 956 3109 sedula
972 3055 1073 3122 curet,

276 3146 351 3209 huic
367 3155 462 3229 paret
477 3156 577 3229 atque
593 3147 710 3229 epulas
725 3148 797 3230 ipsa
814 3150 965 3212 ministra
981 3159 1084 3231 gerat.

231 3251 314 3313 haec
331 3251 411 3313 mihi
427 3251 604 3332 fingebam,
623 3271 708 3334 quae
724 3272 812 3316 nunc
830 3254 1005 3336 Eurusque
1023 3255 1199 3336 Notusque

275 3356 377 3417 iactat
393 3355 547 3418 odoratos
563 3365 641 3418 vota
657 3375 717 3437 per
734 3356 921 3420 Armenios.

232 3477 334 3540 saepe
350 3478 413 3539 ego
429 3459 591 3540 temptavi
607 3479 702 3522 curas
719 3459 886 3542 depellere
902 3462 995 3524 vino:

275 3571 310 3624 at
325 3562 418 3625 dolor
433 3563 467 3624 in
485 3561 638 3625 lacrimas
652 3571 798 3626 verterat
812 3583 911 3627 omne
930 3584 1067 3627 merum.

233 3685 335 3748 saepe
350 3666 448 3728 aliam
464 3667 571 3729 tenui:
588 3665 647 3728 sed
663 3666 728 3729 iarn
745 3686 820 3729 curn
837 3667 958 3748 gaudia
974 3668 1109 3744 adirem,

663 3800 723 3864 119
