2908 4284
238 285 262 338 3,
274 287 297 339 s,
311 271 355 340 14]
708 279 878 330 mnvmvs

366 445 470 527 impia
483 447 518 508 in
534 445 691 510 adversos
707 445 866 508 solvimus
881 466 940 509 ora
954 446 1045 510 deos,

324 559 358 613 et
373 549 522 612 nondum
538 548 613 612 cani
629 549 742 629 nigros
759 547 885 612 laesere
902 549 1050 630 capillos,

367 671 429 716 nec
445 653 537 716 venit
551 653 648 716 tardo
663 673 765 715 curva
781 662 918 716 senecta
933 653 1028 734 pede.

323 755 469 818 natalem
485 757 593 837 primo
609 765 760 819 nostrum
776 754 888 820 videre
904 767 1070 838 parentes,

366 878 441 922 cum
458 847 577 923 cecidit
592 860 662 923 lato
678 860 796 922 consul
812 869 952 942 uterque
967 861 1048 940 pari.

323 962 402 1045 quid
418 963 574 1026 fraudare
586 964 678 1026 iuvat
693 964 795 1026 vitem
812 963 1038 1027 crescentibus
1054 965 1128 1028 uvis

367 1076 401 1130 et
417 1066 515 1130 modo
531 1077 610 1130 nata
625 1068 713 1129 mala
728 1067 851 1130 vellere
867 1086 967 1148 poma
983 1067 1104 1130 manu?

325 1170 458 1252 parcite,
475 1170 640 1252 pallentes
657 1170 764 1233 undas
780 1170 981 1252 quicumque
997 1170 1118 1235 tenetis

366 1274 516 1356 duraque
532 1275 638 1338 sortiti
654 1275 751 1336 tertia
767 1293 871 1356 regna
886 1273 949 1338 dei.

325 1377 457 1462 Elysios
473 1377 550 1441 olim
567 1377 665 1441 liceat
681 1396 884 1458 cognoscere
901 1397 1037 1459 campos

369 1481 620 1563 Lethaeamque
634 1491 740 1544 ratem
758 1481 1020 1563 Cimmeriosque
1033 1482 1135 1558 lacuS,

236 1608 251 1645 2
303 1591 304 1598 ’
323 1604 398 1647 cum
416 1605 490 1648 mea
505 1603 628 1666 rugosa
644 1583 815 1665 pallebunt
831 1604 889 1648 ora
905 1592 1039 1648 senecta

235 2129 267 2182 ³⁰

365 1697 401 1752 et
415 1688 557 1751 referam
575 1687 686 1769 pueris
702 1697 853 1769 tempora
869 1687 978 1768 prisca
994 1708 1106 1752 senex.

323 1802 423 1874 atque
440 1792 566 1854 utinam
581 1810 669 1855 vano
686 1792 887 1873 nequiquam
903 1801 1029 1856 terrear
1043 1792 1157 1856 aestui

367 1895 527 1976 languent
542 1905 593 1958 ter
608 1893 727 1976 quinos
743 1894 802 1958 sed
819 1913 893 1958 mea
909 1895 1057 1958 membra
1073 1895 1168 1959 dies.-

322 2007 357 2062 at
372 1998 465 2062 vobis
481 1998 612 2062 Tuscae
628 1997 840 2062 celebrantur
854 1999 993 2061 numina
1008 1999 1168 2083 lymphae

365 2112 399 2166 et
413 2102 522 2166 facilis
538 2101 629 2165 lenta
645 2100 778 2183 pellitur
794 2101 885 2165 unda
900 2121 1010 2164 manu.

321 2205 422 2270 vivite
439 2205 564 2281 felices,
583 2224 748 2268 memores
763 2217 797 2269 et
812 2205 913 2268 vivite
929 2204 1044 2280 nostri,

366 2308 436 2372 sive
450 2309 574 2372 erimus
589 2327 649 2372 seu
665 2328 727 2371 nos
742 2308 814 2371 fata
828 2308 934 2372 luisse
949 2308 1062 2372 velint

322 2411 449 2477 interea
465 2411 577 2493 nigras
594 2412 741 2493 pecudes
759 2410 941 2493 promittite
959 2410 1030 2474 Diti

365 2523 400 2579 et
423 2513 512 2579 nivei
527 2514 622 2578 lactis
639 2515 760 2601 pocula
776 2515 878 2577 mixta
894 2533 996 2578 mero.

774 2741 804 2836 6

322 2938 474 3005 Candide
492 2939 601 3015 Liber,
619 2940 699 3004 ades
714 2936 777 3021 (sic
794 2939 837 3002 sit
852 2938 912 3002 tibi
928 2938 1069 3023 mystica
1083 2939 1160 3004 vitis

366 3049 507 3124 semper,
525 3043 572 3107 sic
588 3043 713 3106 hedera
728 3051 880 3124 tempora
894 3042 1008 3105 vincta
1023 3041 1138 3125 feras),

322 3144 418 3208 aufer
433 3156 467 3209 et
482 3145 554 3226 ipse
571 3166 681 3210 meum
698 3157 814 3228 patera
831 3145 1018 3209 medicante
1032 3144 1201 3209 dolorem:

367 3268 467 3330 saepe
483 3258 540 3312 tuo
556 3249 675 3313 cecidit
691 3268 827 3312 munere
842 3250 950 3312 victus
966 3269 1066 3312 amor.

323 3372 401 3416 care
417 3373 508 3434 puer,
526 3353 681 3416 madeant
697 3373 860 3434 generoso
877 3354 996 3434 pocula
1013 3351 1155 3427 Bacch0,
1168 3405 1173 3416 „

367 3466 401 3520 et
417 3457 512 3520 nobis
529 3477 634 3538 prona
649 3456 753 3520 funde
771 3457 915 3520 Falerna
931 3476 1040 3520 manu.

324 3561 369 3623 ite
386 3561 501 3641 procul
516 3560 634 3623 durum
651 3579 750 3624 curae
766 3580 882 3641 genus,
899 3560 943 3623 ite
960 3560 1108 3626 labores:

369 3664 499 3727 lulserit
514 3664 567 3727 hic
584 3662 688 3726 niveis
706 3663 824 3726 Delius
839 3662 980 3726 alitibus,

757 3771 816 3850 156
924 3852 926 3858 Ι
