2908 4284
540 243 650 324 'me
675 270 804 324 rumvs
1116 268 1233 336 [1,4,62

220 458 320 522 quam
336 439 431 517 iacet,
448 445 599 504 infirmae
615 459 737 503 venere
753 439 810 504 ubi
825 439 897 504 lata
912 449 1077 516 senectae,

265 545 321 626 qui
336 547 425 626 prior
443 545 525 607 Eleo
541 553 592 606 est
608 563 741 606 carcere
757 544 877 606 missus
893 543 1014 625 equus!

219 647 289 710 vidi
303 647 368 710 iam
383 647 547 721 iuvenem,
565 655 732 728 premeret
746 666 823 709 cum
840 647 943 709 serior
958 655 1061 723 aetas,

265 760 466 814 maerentem
483 751 601 814 stultos
617 733 828 832 praeteriisse
843 749 924 814 dies.

126 881 161 934 35
219 855 370 918 crudeles
385 855 470 918 divi!
495 874 634 936 serpens
650 874 756 917 novus
772 853 862 918 exuit
877 873 1003 918 annos:

263 959 392 1022 formae
408 978 475 1021 non
491 959 592 1020 ullam
609 957 680 1021 iata
696 957 819 1021 dedere
835 976 971 1021 moram.

221 1061 299 1126 solis
314 1073 449 1126 aeterna
465 1072 517 1126 est
533 1062 666 1126 Baccho
684 1060 884 1143 Phoeboque
899 1062 1071 1136 iuventas:

265 1185 342 1228 nam
358 1166 454 1229 decet
469 1166 622 1229 intonsus
638 1164 738 1228 crinis
756 1175 933 1246 utrumque
948 1164 1057 1228 deum.

220 1278 266 1344 tu,
283 1289 386 1350 puero
402 1269 636 1351 quodcumque
652 1278 710 1331 tuo
727 1277 892 1349 temptare
908 1266 1032 1344 libebit,

263 1372 381 1436 cedas:
404 1372 564 1454 obsequio
581 1371 723 1454 plurima
739 1372 842 1435 vincit
856 1390 959 1434 amor.

191 1541 194 1546 ,
220 1496 286 1539 neu
302 1495 413 1539 comes
430 1475 476 1538 ire
493 1495 605 1556 neges,
624 1475 776 1557 quamvis
793 1473 847 1537 via
865 1475 964 1555 longa
980 1484 1116 1556 paretur

265 1588 298 1642 et
314 1579 415 1643 Canis
430 1580 537 1642 arenti
552 1587 677 1642 torreat
691 1598 771 1641 arva
787 1579 850 1653 siti,

221 1683 371 1766 quamvis
388 1692 585 1764 praetexens
601 1681 697 1762 picea
712 1681 884 1764 ferrugine
900 1683 1029 1746 caelum

265 1795 437 1848 venturam
452 1785 605 1849 admittat
620 1784 777 1848 nimbiler
794 1786 904 1848 Eurus
919 1806 1049 1869 aquam.

222 1892 276 1956 vel
291 1891 320 1955 si
334 1894 503 1956 caeruleas
521 1893 626 1975 puppi
642 1895 731 1958 volet
747 1895 795 1958 ire
810 1913 870 1975 per
885 1893 1003 1970 undas,

264 1994 337 2078 ipse
352 1996 459 2059 levem
475 2016 566 2060 remo
584 2017 645 2078 per
662 1998 749 2061 freta
766 1997 852 2079 pelle
868 2007 984 2060 ratem.

220 2121 282 2164 nec
298 2111 331 2166 te
347 2103 515 2184 paeniteat
531 2103 631 2166 duros
648 2102 789 2166 subiisse
805 2102 934 2166 labores

264 2217 322 2270 aut
335 2227 439 2289 opera
454 2206 602 2271 insuetas
618 2208 795 2270 atteruisse
811 2227 940 2282 manus,
981 2239 984 2245 ·

220 2330 293 2385 nec,
309 2310 388 2374 velit
403 2310 531 2374 insidiis
547 2311 632 2374 altas
649 2311 677 2374 si
695 2311 849 2375 claudere
863 2311 978 2389 valles,

132 2439 164 2494 5⁰
263 2413 343 2476 dum
360 2415 501 2496 placeas,
518 2414 624 2478 umeri
639 2414 722 2477 retia
740 2415 829 2478 ferre
845 2424 978 2496 negent.

221 2520 250 2582 si
264 2521 354 2584 volet
368 2541 471 2597 arma,
488 2522 553 2586 levi
568 2524 748 2606 temptabis
766 2523 880 2587 ludere
897 2523 1032 2586 dextra:

265 2643 366 2706 saepe
382 2624 476 2688 dabis
492 2626 628 2701 nudum,
645 2626 757 2690 vincat
772 2636 808 2689 ut
822 2626 886 2701 ille,
905 2626 1000 2689 latus.

219 2734 292 2789 tum
308 2727 366 2790 tibi
382 2727 470 2792 mitis
486 2729 557 2805 erit,
574 2729 685 2811 rapias
700 2739 770 2794 tum
786 2750 864 2792 cara
879 2728 990 2792 licebit

266 2831 397 2894 oscula:
422 2833 593 2915 pugnabit,
611 2834 670 2897 sed
687 2843 799 2898 tamen
816 2844 896 2915 apta
910 2832 1009 2896 dabit

133 2959 165 3016 55
221 2943 318 3016 rapta
333 2935 425 2999 dabit
441 2937 556 3018 primo,
573 2957 649 3000 mox
665 2939 788 3002 offeret
802 2939 875 3020 ipse
890 2937 1030 3017 roganti,

266 3048 343 3120 post
357 3041 456 3102 etiam
474 3039 559 3104 collo
574 3061 612 3104 se
628 3039 831 3123 implicuisse
847 3039 935 3104 velit

222 3141 288 3204 heu
305 3143 390 3206 male
406 3163 495 3206 nunc
511 3153 599 3207 artes
615 3146 754 3208 miseras
770 3145 853 3208 haec
869 3143 1003 3207 saecula
1017 3153 1180 3208 tractant:

266 3244 332 3307 iam
347 3255 442 3310 tener
458 3246 610 3311 adsuevit
625 3268 763 3312 munera
779 3248 864 3311 velle
879 3266 971 3328 puer.

225 3357 260 3412 at
275 3358 340 3425 tua,
359 3351 416 3432 qui
432 3351 600 3414 Venerem
617 3350 759 3416 docuisti
775 3351 920 3415 vendere
935 3349 1071 3432 primus,

132 3465 165 3515 60
265 3453 414 3536 quisquis
429 3473 476 3529 es,
493 3454 612 3518 infelix
625 3464 743 3537 urgeat
758 3475 835 3520 ossa
851 3455 944 3536 lapis.

224 3556 380 3631 Pieridas,
398 3557 502 3638 pueri,
519 3557 635 3621 doctos
651 3568 685 3622 et
700 3568 809 3621 amate
826 3569 952 3640 poetas,

268 3679 369 3722 aurea
385 3680 446 3723 nec
463 3671 623 3742 superent
639 3682 776 3724 munera
792 3662 947 3725 Pieridas.

661 3782 719 3850 117
