2908 4284
512 309 616 357 LIBER
639 309 818 359 SECVNDVS

249 492 325 535 cum
341 473 427 536 bene
442 473 557 548 iuravi,
575 493 635 554 pes
651 482 763 536 tamen
780 474 852 555 ipse
867 474 961 539 redit.

203 595 282 639 acer
298 577 414 652 Amor,
431 577 557 639 fractas
573 575 699 639 utinam
716 586 774 639 tua
790 577 856 656 tela
873 579 1012 660 sagittas

251 679 278 742 si
294 679 370 742 licet
385 681 566 743 exstinctas
582 681 808 763 aspiciamque
825 682 932 744 iaces!

204 791 243 846 tu
259 783 415 846 miserum
432 793 576 866 torques,
593 793 630 846 tu
647 803 699 846 me
717 783 797 846 mihi
813 783 884 846 dira
899 783 1028 866 precari

250 887 342 968 cogis
358 896 392 950 et
406 887 525 949 insana
541 896 651 950 mente
668 888 818 951 nefanda
833 889 931 971 loqui.

205 989 273 1052 iam
289 990 377 1052 mala
393 989 539 1053 finissem
555 990 631 1084 let0,
645 991 705 1054 sed
722 992 856 1055 credula
872 993 975 1055 vitam

250 1093 336 1175 Spes
352 1094 445 1158 fovet
460 1103 493 1156 et
508 1094 581 1157 fore
597 1114 671 1157 cras
685 1115 817 1177 semper
833 1097 879 1158 ait
895 1097 1022 1160 melius.

208 1197 294 1279 Spes
310 1198 368 1260 alit
384 1199 556 1279 agricolas,
574 1197 660 1280 Spes
676 1199 776 1262 sulcis
791 1199 897 1268 credit
912 1201 1014 1264 aratis

250 1303 378 1365 semina
393 1323 478 1385 quae
494 1321 618 1384 magno
633 1303 772 1381 faenore
787 1301 905 1365 reddat
921 1319 1021 1382 ager:
1105 1355 1109 1364 .

207 1407 290 1471 haec
306 1408 425 1490 laqueo
440 1407 600 1482 volucres,
619 1407 701 1470 haec
719 1416 832 1489 captat
849 1408 1010 1471 arundine
1027 1409 1145 1491 pisces

250 1531 326 1578 cum
341 1521 459 1574 tenues
476 1511 593 1574 hamos
609 1510 736 1574 abdidit
752 1521 830 1574 ante
847 1512 960 1575 cibus:

207 1615 292 1697 Spes
309 1613 409 1678 etiam
424 1614 534 1677 valida
549 1614 675 1678 solatur
693 1615 855 1697 compede
870 1615 1034 1680 vinctum:

251 1737 347 1781 crura
363 1727 483 1781 sonant
497 1718 597 1793 ferro,
615 1718 673 1783 sed
692 1720 782 1782 canit
797 1719 884 1782 inter
899 1739 999 1802 opus:

208 1824 294 1906 Spes
309 1822 442 1887 facilem
460 1823 630 1886 Nemesim
649 1823 793 1905 spondet
808 1824 897 1900 mihi,
915 1823 974 1886 sed
990 1834 1093 1905 negat
1107 1823 1183 1887 illa:

251 1927 282 1992 ei
298 1927 386 2004 mihi,
403 1947 445 1990 ne
462 1927 585 2003 vincas,
603 1927 687 1990 dura
702 1928 822 2008 puella,
839 1928 945 1991 deam.

207 2052 317 2114 parce,
335 2052 395 2114 per
410 2031 585 2094 immatura
602 2042 680 2094 tuae
697 2051 814 2113 precor
830 2052 905 2096 ossa
922 2033 1059 2096 sororis:

250 2138 297 2199 sic
312 2135 398 2200 bene
414 2135 476 2199 sub
493 2145 608 2199 tenera
624 2155 726 2217 parva
743 2135 892 2218 quiescat
907 2135 1018 2198 humn.

207 2240 263 2303 illa
280 2240 360 2302 mihi
375 2251 491 2303 sancta
506 2249 566 2315 est,
584 2240 672 2302 illius
688 2240 777 2303 dona
793 2240 946 2321 sepulcro

252 2355 286 2409 et
302 2345 490 2408 madefacta
506 2346 588 2407 meis
605 2353 694 2407 serta
713 2344 819 2407 ieram
837 2342 989 2418 lacrimis,

207 2448 296 2512 illius
311 2449 354 2512 ad
369 2449 533 2513 tumulum
549 2449 677 2529 fugiam
695 2448 902 2532 supplexque
919 2447 1042 2511 sedebo

251 2563 286 2617 et
302 2573 376 2616 mea
390 2573 466 2616 cum
483 2562 574 2616 muto
590 2553 662 2615 fata
678 2572 798 2633 querar
814 2553 934 2614 cinere.

206 2678 275 2721 non
291 2657 377 2720 ieret
392 2677 496 2741 usque
513 2677 610 2720 suum
627 2667 661 2719 te
677 2666 812 2737 propter
827 2654 907 2718 flere
922 2655 1094 2718 clientem:

251 2760 338 2824 illius
354 2770 391 2824 ut
405 2761 524 2835 verbis
543 2762 588 2824 sis
605 2760 684 2822 mihi
701 2760 791 2823 lenta
805 2770 892 2834 vet0,

207 2884 252 2928 ne
267 2865 326 2928 tibi
341 2863 485 2946 neglecti
501 2864 635 2927 mittant
649 2864 736 2926 mala
752 2864 881 2926 somnia
897 2883 1020 2940 manes

252 2978 447 3052 maestaque
462 2968 591 3051 sopitae
608 2978 673 3031 stet
689 2988 781 3031 soror
797 2977 874 3030 ante
889 2975 1010 3042 torum,

208 3071 317 3155 qualis
332 3072 375 3135 ab
390 3073 522 3136 excelsa
538 3091 699 3154 praeceps
717 3071 856 3153 delapsa
872 3072 1022 3134 fenestra

250 3178 343 3240 venit
358 3176 400 3239 ad
417 3176 565 3240 infernos
583 3175 839 3257 sanguinolenta
855 3176 956 3239 lacus.

208 3281 334 3356 desino,
352 3300 394 3344 ne
409 3280 564 3344 dominae
579 3279 687 3344 lu'ctus
703 3290 905 3343 renoventur
920 3277 1047 3342 acerbi:

253 3405 320 3448 non
337 3404 401 3466 ego
417 3405 489 3447 sum
506 3384 598 3458 tanti,
616 3384 724 3465 ploret
740 3394 776 3446 ut
792 3383 847 3446 illa
864 3384 974 3446 semel.

208 3507 272 3552 nec
289 3487 431 3551 lacrimis
447 3488 560 3552 oculos
576 3488 678 3570 digna
694 3499 744 3551 est
760 3487 896 3551 foedare
912 3486 1085 3569 loquaces:

201 3659 204 3664 ,
253 3592 329 3655 lena
345 3601 443 3655 nocet
458 3592 563 3667 nobis
576 3592 650 3673 ipsa
666 3591 777 3673 puella
792 3591 881 3654 bona
897 3601 956 3654 est.

208 3695 286 3760 lena
300 3705 400 3760 necat
415 3696 573 3760 miserum
590 3696 723 3780 Phryne
738 3696 920 3776 furtimque
938 3693 1078 3758 tabellas

639 3815 698 3882 147
