2908 4284
231 277 253 327 3·
265 279 289 326 4,
300 264 347 329 49]
695 269 864 318 Trssvnnvs

315 455 418 518 quare
434 455 498 517 ego
515 455 601 518 quae
616 434 691 497 dico
707 454 774 498 non
789 434 894 497 fallax
909 435 1023 518 accipe
1040 446 1144 512 vates

358 539 512 620 quodque
529 539 611 601 deus
626 558 706 601 vero
723 537 888 623 Cynthius
904 559 962 602 ore
978 539 1093 619 feram.

315 650 444 704 tantum
461 661 538 704 cara
553 641 612 703 tibi
627 651 789 723 quantum
805 661 867 704 nec
884 641 950 704 tilia
966 643 1071 718 matri,

359 754 519 827 quantum
536 765 599 808 nec
613 745 735 826 cupido
750 744 839 808 bella
855 745 966 827 puella
980 747 1060 821 viro,

316 869 375 930 pro
392 869 458 930 qua
474 848 629 912 sollicitas
646 849 802 911 caelestia
818 848 956 912 numina
971 851 1067 927 votiS,

358 972 444 1034 quae
459 952 519 1015 tibi
534 971 669 1016 securos
685 972 751 1014 non
769 951 846 1015 sinit
862 952 910 1015 ire
926 954 997 1016 dies

314 1065 357 1132 et,
374 1076 448 1118 cum
465 1066 498 1119 te
513 1057 609 1119 fusco
626 1076 763 1120 somnus
780 1056 903 1120 velavit
918 1058 1050 1135 amictu,

357 1179 480 1222 vanum
498 1161 667 1222 nocturnis
683 1159 770 1222 fallit
787 1158 996 1242 imaginibus,

315 1264 514 1328 carminibus
532 1263 698 1327 celebrata
713 1263 778 1327 tuis
795 1265 942 1329 formosa
960 1266 1091 1331 Neaera

359 1369 493 1432 alterius
509 1369 635 1431 mavult
651 1389 727 1432 esse
743 1369 854 1451 puella
869 1371 939 1445 viri,

314 1473 528 1556 diversasque
544 1493 620 1537 suas
636 1474 742 1554 agitat
760 1493 854 1536 mens
870 1473 971 1556 impia
987 1495 1092 1550 curas,

357 1597 419 1640 nec
435 1577 560 1659 gaudet
575 1587 667 1640 casta
684 1586 789 1658 nupta
809 1577 942 1639 Neaera
957 1577 1065 1641 domo.

315 1701 336 1744 a
351 1682 485 1745 crudele
500 1701 607 1762 genus
623 1701 685 1744 nec
702 1681 803 1742 fidum
822 1680 948 1744 femina
964 1681 1102 1744 nomenl

358 1806 379 1849 a
395 1794 518 1867 pereat,
535 1784 650 1848 didicit
666 1784 782 1847 fallere
800 1785 828 1847 si
844 1804 910 1865 qua
926 1785 1041 1847 virum.

315 1889 374 1953 sed
390 1888 478 1952 flecti
494 1889 630 1971 poterit:
649 1909 742 1952 mens
760 1897 811 1951 est
828 1887 994 1951 mutabilis
1010 1887 1093 1951 illis:
1139 1926 1141 1930 -

358 2003 395 2057 tu
411 1995 509 2056 modo
526 2014 601 2057 cum
618 1992 721 2055 multa
738 1991 893 2054 bracchia
909 1991 1009 2055 tende
1025 1992 1099 2054 fide.

314 2117 433 2161 saevus
449 2098 556 2160 Amor
571 2095 683 2159 docuit
699 2095 826 2158 validos
842 2104 1005 2176 temptare
1022 2094 1161 2170 labores,

358 2221 478 2264 saevus
494 2201 601 2262 Amor
617 2200 730 2262 docuit
746 2199 885 2262 verbera
903 2217 1000 2279 posse
1017 2197 1095 2279 pati.

312 2325 365 2370 me
381 2307 548 2388 quondam
566 2304 704 2368 Admeti
721 2304 836 2366 niveas
854 2303 986 2383 pavisse
1002 2303 1159 2366 iuvencas

358 2419 492 2473 nonest
508 2409 541 2471 in
557 2428 680 2471 vanum
700 2406 815 2469 fabula
832 2406 909 2468 ficta
925 2404 1049 2468 iocum:

314 2522 394 2577 tunc
411 2534 474 2595 ego
491 2533 552 2576 nec
567 2512 695 2575 cithara
712 2519 860 2596 poteram
874 2508 1021 2590 gaudere
1038 2527 1159 2572 sonora

357 2637 419 2681 nec
436 2617 559 2680 similes
575 2616 709 2679 chordis
722 2614 862 2677 reddere
875 2632 954 2676 voce
970 2632 1080 2689 sonos,

315 2720 374 2784 sed
391 2721 574 2802 perlucenti
590 2729 724 2783 cantum
742 2716 927 2780 meditabar
943 2735 1049 2780 avena

358 2824 413 2888 ille
428 2845 491 2906 ego
510 2825 659 2888 Latonae
675 2823 761 2885 tilius
777 2831 877 2903 atque
895 2821 993 2906 Iovis.

315 2929 422 2993 nescis
439 2929 518 3012 quid
534 2929 577 2992 sit
592 2948 694 3002 amor,
711 2927 849 3000 iuvenis,
869 2925 897 2988 si
912 2925 1000 2988 ferre
1016 2943 1151 2988 recusas

358 3033 515 3096 immitem
530 3032 698 3095 dominam
717 3030 974 3111 coniugiumque
990 3029 1109 3090 ferum.

315 3152 396 3214 ergo
411 3152 454 3195 ne
470 3132 585 3194 dubita
600 3131 740 3195 blandas
757 3131 914 3193 adhibere
930 3127 1111 3211 querellas:

357 3237 534 3299 vincuntur
551 3234 641 3298 molli
658 3244 794 3316 pectora
810 3234 893 3295 dura
909 3251 1018 3313 prece.

316 3340 404 3422 quod
421 3340 447 3402 si
463 3359 542 3402 vera
557 3347 682 3401 canunt
697 3338 799 3400 sacris
816 3337 950 3399 oracula
966 3334 1108 3416 templis,

358 3442 440 3505 haec
456 3442 503 3504 illi
518 3452 630 3505 nostro
646 3441 780 3503 nomine
796 3429 883 3503 dicta
898 3440 1003 3502 refer:

315 3546 378 3609 hoc
395 3545 453 3609 tibi
469 3545 659 3626 coniugium
676 3543 837 3625 promittit
855 3543 972 3605 Delius
988 3543 1076 3623 ipse:
1171 3545 1174 3551 '

228 3671 261 3720 80
358 3648 438 3712 felix
454 3649 526 3722 hoc,
544 3648 643 3710 alium
660 3646 775 3709 desine
790 3644 874 3709 velle
890 3645 1018 3708 virum!

745 3761 805 3834 154
