2902 4288
474 278 693 330 TESTIMONIA
715 283 873 347 ANTIQVA

363 449 544 513 Vaacnrvs
568 449 808 522 Paruncvavs
834 463 862 522 2,
882 449 931 526 36,
950 463 967 527 3

120 599 232 662 Paene
260 596 361 661 stulta
398 605 449 661 est
482 595 724 660 inhaerentium
759 597 863 660 oculis
899 597 1108 679 ingeniorum
1145 618 1223 663 enu-

118 704 268 777 merati0,
293 700 378 763 inter
400 719 485 782 quae
509 699 650 763 maxime
673 700 777 764 nostri
800 698 874 763 aevi
895 702 1043 764 eminent
1065 700 1222 785 princeps

118 807 304 868 carminum
321 804 490 886 Vergilius
516 803 738 886 Rabiriusque
754 815 788 869 et
803 816 1002 869 consecutus
1027 804 1219 869 Sallustium

118 909 236 971 Livius
254 907 474 990 Tibullusque
495 918 529 971 et
553 909 655 983 Naso,
673 908 907 990 perfectissimi
930 908 1088 971 informa
1111 911 1221 989 operis

116 1013 188 1074 sui:
220 1032 298 1075 narn
321 1011 471 1075 vivorum
496 1021 532 1075 ut
555 1032 678 1094 magna
701 1012 885 1087 admiratio,
907 1011 953 1074 ita
975 1031 1117 1075 censura
1140 1010 1221 1074 diffi-

116 1115 190 1178 cilis
205 1124 266 1179 est.

359 1283 623 1366 ernarunrrvS,
647 1261 804 1346 Jnstjor.
826 1299 873 1359 ro,
895 1301 920 1358 r,
937 1298 977 1364 93

117 1423 239 1504 Elegia
269 1441 401 1504 quoque
433 1421 579 1486 Graecos
612 1440 838 1502 provocamus,
870 1421 964 1484 cuius
999 1419 1080 1484 mihi
1110 1430 1221 1486 tersus

115 1536 218 1607 atque
242 1525 379 1606 elegans
402 1524 543 1587 maxime
566 1523 697 1586 videtur
717 1533 832 1586 auctor
855 1524 1016 1586 Tibullus.
1063 1535 1141 1587 sunt
1164 1523 1220 1606 qui

117 1627 327 1708 Propertium
344 1627 469 1690 malint.
516 1626 657 1690 Ovidius
676 1635 816 1708 utroque
836 1627 990 1690 lascivior
1008 1628 1094 1689 sicut
1110 1626 1221 1688 durior

115 1730 244 1794 Gallus.

441 1898 598 1973 Srnrrvs,
618 1896 703 1960 Silo.
726 1915 752 1974 1,
770 1914 799 1973 2,
817 1911 881 1977 250

511 2035 569 2097 sed
586 2034 756 2116 praecipui
773 2036 829 2116 qui
845 2035 955 2099 nobile
971 2055 1089 2118 gressu
1116 2111 1120 2120 Ι

203 2149 352 2203 extremo
368 2139 531 2201 fraudatis
548 2158 642 2219 opus,
660 2138 738 2201 date
756 2138 903 2201 carmina
919 2139 1014 2202 festis

204 2243 307 2324 digna
322 2242 412 2306 toris.
459 2242 549 2304 hunc
565 2241 637 2324 ipse
654 2242 724 2306 Coo
741 2242 921 2323 plaudente
938 2242 1083 2306 Philetas

205 2345 495 2428 Callimachusque
513 2366 615 2408 senex
632 2346 828 2428 Umbroque
846 2347 1036 2428 Propertius
1053 2355 1150 2409 antro

204 2449 388 2512 ambissent
399 2449 539 2512 'laudare
555 2449 652 2524 diem,
671 2468 732 2511 nec
748 2451 852 2512 tristis
867 2449 901 2510 in
918 2450 999 2530 ipsis

206 2552 299 2616 Naso
315 2553 430 2616 Tomis
445 2552 603 2633 divesque
619 2552 697 2615 foco
713 2553 844 2614 lucente
860 2550 1022 2614 Tibullus.

510 2721 719 2795 Manrrnms,
735 2737 766 2797 4,
783 2719 804 2780 6

205 2856 306 2922 Credi
319 2856 448 2939 virgine
464 2857 586 2921 castior
602 2857 722 2939 pudica

125 2963 127 2968 ’
204 2969 237 3024 et
252 2960 371 3023 frontis
386 2970 521 3024 tenerae
537 2961 632 3042 cupis
646 2960 760 3035 videri,

204 3083 280 3127 cum
297 3063 341 3126 sis
356 3065 546 3145 improbior,
566 3065 751 3140 Malisiane,

203 3187 305 3249 quam
321 3167 377 3248 qui
392 3167 593 3248 compositos
609 3178 714 3231 metro
729 3167 852 3231 Tibulli

203 3270 238 3331 in
256 3269 380 3334 Stellae
397 3269 513 3333 recitat
530 3270 628 3333 domo
644 3270 781 3334 libellos.

622 3440 650 3516 8,
669 3453 712 3518 70

202 3574 341 3657 Quanta
357 3576 450 3657 quies
466 3575 587 3659 placidi
601 3585 696 3639 tanta
712 3585 763 3639 est
778 3576 936 3638 facundia
953 3576 1096 3650 Nervae,

247 3679 306 3741 sed
323 3678 456 3742 cohibet
471 3678 558 3742 vires
573 3678 810 3762 ingeniumque
827 3679 942 3760 pudor.

636 3797 697 3864 Ῑ79
