2908 4284
526 295 632 346 bruun
655 298 834 350 sscvubvs
1096 299 1230 366 [2,5,106

216 460 327 541 ipsum
345 461 444 523 etiam
462 461 574 525 Solem
592 461 760 526 defectum
778 461 902 529 lumine
917 463 1000 529 vidit

260 564 399 644 iungere
416 564 579 646 pallentes
592 565 726 629 nubilus
742 587 850 630 annus
865 587 970 649 equos

216 676 251 730 et
267 667 442 746 simulacra
458 668 557 731 deum
574 668 726 732 lacrimas
742 669 870 734 fudisse
885 679 1040 752 tepentes

261 771 399 852 fataque
414 771 545 834 vocales
561 772 812 853 praemonuisse
827 774 953 858 boves),

217 873 301 937 haec
318 873 452 937 fuerant
467 873 566 937 olim:
591 875 649 939 sed
664 886 702 938 tu
722 877 788 938 iam
805 876 903 954 mitis,
920 878 1055 959 Apollo,

261 976 412 1058 prodigia
427 976 596 1042 indomitis
613 999 727 1061 merge
743 979 804 1042 sub
821 981 1030 1062 aequoribus,

216 1090 250 1143 et
266 1100 426 1145 succensa
442 1081 545 1145 sacris
560 1083 697 1163 crepitet
713 1082 799 1146 bene
816 1084 928 1147 laurea
946 1084 1098 1161 flammis,

261 1183 370 1247 omine
386 1205 452 1266 quo
468 1183 548 1248 felix
563 1194 598 1248 et
614 1205 707 1249 sacer
723 1207 831 1250 annus
847 1189 917 1251 erit.

217 1286 331 1351 laurus
347 1286 403 1350 ubi
418 1287 507 1352 bona
523 1287 620 1370 signa
635 1289 735 1363 dedit,
753 1291 897 1371 gaudete
913 1290 1041 1354 coloni:

260 1390 429 1455 distendet
443 1393 544 1472 spicis
560 1392 679 1457 horrea
696 1392 795 1474 plena
811 1394 923 1470 Ceres,

215 1489 337 1557 oblitus
353 1503 387 1557 et
403 1505 512 1559 musto
528 1495 627 1558 feriet
643 1496 729 1578 pede
745 1497 887 1561 rusticus
903 1518 995 1574 uvas,

260 1597 348 1661 dolia
362 1598 442 1661 dum
459 1600 572 1680 magni
588 1599 809 1682 deficiantque
826 1602 937 1664 lacus:

216 1719 254 1763 ac
272 1701 423 1764 madidus
441 1702 574 1766 Baccho
590 1723 651 1766 sua
666 1703 753 1767 festa
770 1703 885 1766 Palilia
901 1716 1016 1786 pastor

259 1805 431 1868 concinet:
454 1824 474 1866 a
490 1805 628 1868 stabulis
645 1814 724 1869 tunc
742 1808 857 1888 procul
873 1817 943 1870 este
959 1805 1038 1889 lupi.

215 1906 270 1970 ille
285 1906 367 1970 levis
384 1907 525 1988 stipulae
541 1909 711 1972 sollemnis
727 1919 826 1991 potus
845 1930 981 1975 acervos

257 2011 428 2087 accendet,
445 2011 595 2075 flammas
611 2013 839 2096 transilietque
856 2033 977 2077 sacras.

215 2121 249 2176 et
265 2113 354 2176 fetus
371 2123 521 2178 matrona
537 2114 638 2191 dabit,
656 2126 820 2198 natusque
837 2117 966 2198 parenti

259 2217 371 2280 oscula
388 2219 594 2299 comprensis
610 2218 745 2282 auribus
761 2220 888 2301 eripiet,

215 2339 276 2384 nec
292 2320 438 2384 taedebit
454 2341 552 2384 avum
569 2343 673 2404 parvo
689 2323 869 2404 advigilare
885 2323 1002 2405 nepoti

258 2422 422 2505 balbaque
438 2445 513 2488 cum
530 2446 634 2506 puero
650 2427 760 2490 dicere
776 2426 878 2490 verba
893 2446 1018 2491 senem.

213 2536 292 2590 tunc
309 2537 445 2608 operata
460 2529 523 2592 deo
540 2530 645 2611 pubes
661 2529 847 2593 discumbet
863 2530 896 2592 in
913 2530 1025 2607 herba,

258 2629 383 2694 arboris
399 2633 557 2714 antiquae
573 2653 639 2716 qua
654 2633 736 2695 levis
754 2633 872 2696 umbra
890 2634 988 2710 cadit,

214 2743 272 2796 aut
287 2752 306 2797 e
321 2744 414 2798 veste
429 2755 490 2798 sua
504 2735 645 2800 tendent
660 2736 852 2799 umbracula
868 2736 965 2800 sertis

257 2838 378 2913 vincta,
394 2849 572 2902 coronatus
590 2839 691 2904 stabit
706 2849 740 2902 et
755 2848 832 2904 ante
847 2840 941 2904 calix.

214 2948 249 3003 at
263 2939 326 3003 sibi
342 2941 481 3024 quisque
497 2943 601 3025 dapes
617 2952 651 3006 et
666 2944 770 3006 festas
786 2953 933 3006 exstruet
948 2942 1015 3008 alte

121 3073 172 3108 100
255 3045 457 3126 caespitibus
474 3066 607 3110 mensas
624 3047 892 3128 caespitibusque
909 3057 1027 3111 torum.

214 3135 343 3229 ingeret
360 3147 412 3211 hic
429 3158 527 3230 potus
544 3150 673 3215 iuvenis
690 3149 865 3213 maledicta
882 3149 1022 3231 puellae,

258 3252 433 3332 postmodo
449 3273 534 3335 quae
551 3256 636 3317 votis
652 3255 744 3316 irrita
759 3255 850 3316 facta
865 3253 963 3316 velit:

214 3373 291 3416 nam
304 3355 396 3418 ferus
412 3356 466 3420 ille
483 3377 563 3420 suae
579 3358 721 3439 plorabit
738 3357 866 3422 sobrius
883 3357 969 3422 idem

251 3466 285 3521 et
301 3477 337 3520 se
352 3459 472 3522 iurabit
487 3470 599 3524 mente
613 3461 719 3525 fuisse
735 3462 831 3525 mala.

121 3584 171 3639 105
212 3579 296 3641 pace
311 3565 522 3644 tua'pereant
537 3584 634 3628 arcus
650 3574 854 3647 pereantque
870 3566 1022 3647 sagittae,

258 3663 400 3740 Phoebe,
417 3666 517 3729 modo
530 3667 565 3728 in
581 3669 677 3731 terris
692 3676 780 3730 erret
794 3667 929 3732 inermis
946 3669 1061 3732 Amor.

641 3786 698 3850 Ι45
