2908 4284
427 839 945 946 TIBVLLVS

515 1142 661 1206 LIBER
686 1141 863 1206 PRIMVS

680 1329 695 1392 I

229 1462 374 1526 Divitias
390 1462 473 1527 alius
489 1463 582 1526 fulvo
599 1461 661 1525 sibi
677 1473 835 1544 congerat
851 1479 932 1526 auro

271 1577 306 1628 et
320 1575 434 1630 teneat
449 1567 528 1629 culti
542 1567 659 1648 iugera
673 1566 777 1629 multa
792 1566 862 1642 soli,

181 1713 202 1736 f
228 1689 327 1755 quern
344 1668 436 1762 laiyor
451 1669 609 1732 adsiduus
624 1669 734 1732 vicino
750 1678 872 1733 terreat
889 1669 994 1744 hoste,

211 1786 216 1798 ⁸
273 1753 397 1835 Martia
410 1757 463 1835 cui
479 1755 613 1836 soninos
630 1773 768 1836 classica
785 1773 881 1854 pulsa
896 1773 1036 1853 fugent:

227 1895 280 1938 me
295 1895 371 1939 mea
385 1887 567 1957 paupertas
582 1875 651 1939 vita
666 1875 818 1938 traducat
832 1875 939 1951 inerti,

272 1979 351 2042 dum
367 1999 461 2043 meus
477 1979 617 2042 adsiduo
633 1979 741 2043 luceat
756 1980 834 2060 igne
851 1979 954 2042 focus.

229 2082 300 2165 ipse
317 2102 423 2147 seram
436 2092 567 2147 teneras
585 2093 713 2146 maturo
729 2092 880 2164 tempore
894 2081 979 2145 vites

272 2187 414 2250 rusticus
430 2195 463 2250 et
479 2185 570 2250 facili
585 2185 725 2268 grandia
741 2206 840 2267 poma
856 2205 978 2249 manu:

228 2309 290 2352 nec
307 2310 385 2372 spes
400 2290 568 2366 destituat,
587 2289 645 2353 sed
663 2290 795 2372 frugum
814 2309 945 2370 semper
962 2308 1100 2352 acervos

271 2393 429 2475 praebeat
444 2402 477 2457 et
493 2393 593 2475 pleno
611 2393 748 2476 pinguia
764 2403 874 2457 musta
889 2393 972 2457 lacu.

228 2515 306 2558 narn
321 2516 470 2572 veneror,
487 2516 546 2560 seu
562 2498 666 2579 stipes
682 2497 783 2563 habet
799 2497 949 2561 desertus
965 2496 999 2559 in
1015 2496 1105 2578 agris
1188 2563 1190 2566 ,

272 2618 331 2662 seu
345 2609 442 2663 vetus
457 2599 491 2662 in
507 2599 604 2663 trivio
621 2599 737 2663 florida
753 2610 842 2664 serta
858 2599 964 2683 lapis:

228 2711 262 2765 et
277 2702 510 2785 quodcumque
526 2702 605 2765 mihi
623 2723 758 2785 pomum
776 2724 883 2767 novus
898 2703 1018 2766 educat
1033 2722 1155 2788 annus.

272 2805 409 2869 libatum
425 2806 591 2887 agricolae
609 2808 743 2888 ponitur
760 2817 838 2871 ante
853 2807 925 2871 deo.

227 2909 313 2971 flava
329 2909 440 2985 Ceres,
457 2909 516 2973 tibi
533 2909 575 2973 sit
593 2920 707 2974 nostro
724 2910 765 2974 de
782 2931 857 2975 rure
873 2929 996 2973 corona

272 3013 385 3094 spicea
400 3033 486 3094 quae
502 3012 618 3095 templi
637 3013 783 3095 pendeat
799 3024 876 3078 ante
892 3014 1001 3077 fores:

228 3116 442 3198 pomosisque
459 3117 558 3180 ruber
574 3126 685 3180 custos
704 3126 847 3199 ponatur
862 3117 894 3179 in
912 3117 1016 3181 hortis

271 3227 392 3283 terreat
408 3229 444 3283 ut
460 3240 561 3284 saeva
578 3220 665 3284 falce
683 3221 822 3302 Priapus
839 3240 926 3285 aves.

227 3342 287 3385 vos
303 3343 444 3405 quoque,
462 3323 569 3387 felicis
586 3324 764 3406 quondam,
781 3343 870 3387 nunc
887 3323 1044 3406 pauperis
1060 3325 1132 3406 agri

139 3452 171 3488 ιο
270 3427 434 3503 custodes,
452 3428 547 3491 fertis
563 3447 702 3491 munera
717 3437 838 3502 vestra,
857 3426 979 3491 Lares:

227 3539 308 3592 tunc
322 3530 426 3593 vitula
442 3530 634 3594 innumeros
650 3531 812 3594 lustrabat
828 3550 926 3594 caesa
942 3530 1109 3608 iuvencos

272 3652 359 3696 nunc
376 3653 464 3714 agna
479 3633 590 3714 exigui
605 3643 656 3697 est
672 3633 781 3697 hostia
798 3654 901 3716 parva
916 3634 995 3697 soli:

660 3766 719 3832 107
