2908 4284
231 291 344 358 vals]
430 315 435 326 ·
701 305 871 354 rravunvs
988 317 992 325 ·

319 489 421 551 saepe
437 471 620 552 insperanti
637 471 727 533 venit
743 470 803 532 tibi
819 490 956 534 munere
973 479 1087 534 nostro

363 585 397 638 et
413 574 507 636 latuit
523 573 654 636 clausas
671 581 746 654 post
763 573 923 655 adoperta
941 575 1039 638 fores.

215 704 263 755 .45
319 687 389 740 tum
407 676 505 740 miser
521 676 638 752 interii,
657 677 757 739 stulte
773 677 919 739 confisus
935 678 1057 741 amari:

363 800 439 843 nam
457 789 606 862 poteram
625 781 666 843 ad
684 781 819 862 laqueos
836 780 965 844 cautior
980 801 1054 845 esse
1070 790 1155 846 tuos

320 885 398 966 quin
415 885 515 947 etiam
532 883 672 946 attonita
689 884 803 947 laudes
820 883 879 946 tibi
896 895 1007 948 mente
1023 885 1196 964 canebam,

363 997 397 1050 et
413 1007 467 1051 me
482 1007 571 1050 nune
588 989 692 1050 nostri
710 986 944 1070 Pieridumque
960 980 1074 1071 pu'det.

218 1143 223 1151 .
320 1090 375 1154 illa
390 1091 489 1153 velim
505 1090 622 1173 rapida
637 1091 810 1154 Vulcanus
826 1093 973 1156 carmina
988 1093 1124 1157 flamma

234 1220 264 1274 50
362 1204 486 1258 torreat
501 1205 535 1258 et
550 1194 674 1277 liquida
691 1195 801 1258 deleat
817 1197 925 1260 amnis
940 1217 1036 1279 aqua.

320 1309 356 1362 tu
373 1298 488 1381 procul
505 1298 581 1361 hine
599 1297 686 1361 absis
705 1299 759 1361 cui
774 1299 916 1364 formam
932 1301 1077 1365 vendere
1093 1321 1171 1364 eura
1187 1309 1241 1366 est

364 1412 398 1465 et
414 1402 555 1484 pretium
573 1403 673 1483 plena
689 1402 817 1484 grande
834 1405 958 1467 referre
974 1423 1084 1468 manu.

216 1577 222 1587 ‚
320 1517 355 1570 at
370 1515 402 1568 te
419 1507 474 1587 qui
491 1526 630 1588 puerum
648 1507 744 1571 donis
761 1525 974 1589 corrumpere
989 1527 1026 1571 es
1043 1527 1144 1572 ausus

233 1677 234 1680 ,
365 1609 471 1673 rideat
486 1609 633 1674 adsiduis
651 1630 732 1674 uxor
748 1610 852 1674 inulta
869 1611 963 1688 dolis,

235 1739 265 1792 55
320 1724 444 1777 etcum
462 1715 584 1778 furtivo
601 1714 754 1778 iuvenem
771 1715 944 1779 lassaverit
959 1734 1030 1792 usu,

366 1827 475 1882 tecum
491 1820 688 1901 interposita
705 1818 863 1900 languida
878 1829 971 1882 veste
986 1818 1094 1884 cubet.

322 1942 453 2005 semper
470 1924 536 1986 sint
551 1933 687 1986 externa
703 1933 760 1986 tuo
775 1922 916 2003 vestigia
933 1923 1028 1999 lecto,

366 2036 400 2090 et
414 2036 528 2109 pateat
544 2025 673 2108 cupidis
690 2046 823 2108 semper
839 2035 956 2108 aperta
971 2026 1110 2089 domus:

321 2150 383 2194 nec
400 2130 523 2194 lasciva
541 2150 633 2194 soror
649 2129 778 2193 dicatur
794 2130 889 2212 plura
904 2129 1029 2194 bibisse

234 2246 266 2297 60
364 2235 484 2316 pocula
499 2233 552 2297 vel
570 2234 682 2316 plures
698 2233 880 2297 emeruisse
895 2232 992 2296 viros.

321 2338 412 2401 illam
428 2358 529 2420 saepe
545 2337 659 2401 ferunt
675 2337 825 2400 convivia
841 2337 963 2400 ducere
980 2336 1114 2400 Baccho

366 2443 444 2507 dum
461 2452 533 2506 rota
551 2441 698 2504 Luciferi
715 2449 871 2522 provocet
887 2451 960 2504 orta
975 2439 1083 2504 diem:

321 2546 378 2610 illa
394 2547 484 2610 nulla
500 2555 600 2629 queat
618 2546 735 2608 melius
753 2564 948 2608 consumere
964 2553 1096 2608 noctem

366 2661 423 2714 aut
439 2671 575 2733 operum
592 2650 702 2713 varias
719 2648 923 2730 disposuisse
938 2647 1036 2711 vices

234 2767 266 2834 65
321 2764 355 2819 at
370 2765 427 2818 tua
444 2754 635 2837 perdidicit:
661 2773 722 2816 nec
739 2763 784 2828 tu,
803 2752 1007 2827 stultissime,
1024 2749 1138 2827 sentis,

366 2879 442 2946 cum
458 2858 517 2922 tibi
533 2878 600 2922 non
617 2858 714 2922 solita
729 2877 851 2938 corpus
867 2855 909 2918 ab
926 2863 996 2918 arte
1012 2862 1132 2918 movet.

322 2971 402 3027 tune
419 2972 517 3044 putas
533 2961 622 3024 illam
640 2982 699 3044 pro
715 2970 748 3024 te
765 2961 942 3043 disponere
959 2958 1067 3021 crines

366 3076 423 3131 aut
438 3076 555 3129 tenues
571 3065 676 3129 denso
693 3076 826 3147 pectere
842 3064 942 3127 dente
958 3061 1094 3125 comas?

323 3168 386 3233 ista
403 3170 485 3232 haec
501 3168 681 3250 persuadet
697 3169 810 3244 facies,
829 3186 976 3248 auroque
992 3165 1134 3228 lacertos

235 3299 267 3347 70
364 3274 487 3336 vinciat
503 3282 536 3335 et
552 3271 653 3356 Tyrio
670 3272 810 3353 prodeat
825 3281 904 3353 apta
921 3268 1020 3333 sinu?

323 3397 391 3439 non
407 3376 476 3451 tibi,
493 3375 551 3438 sed
568 3375 679 3437 iuveni
694 3376 824 3438 cuidam
840 3375 912 3438 vult
927 3374 1015 3438 bella
1030 3371 1144 3447 videri,

367 3479 529 3542 devoveat
546 3499 606 3560 pro
623 3499 688 3560 quo
704 3499 841 3561 remque
857 3478 1059 3560 domumque
1074 3486 1175 3539 tuam.

323 3602 385 3646 nec
402 3582 483 3645 facit
499 3582 562 3645 hoc
578 3583 667 3656 vitio,
685 3582 744 3644 sed
760 3601 900 3663 corpora
916 3581 1016 3644 foeda
1033 3579 1182 3662 podagra

367 3679 402 3748 et
416 3685 506 3748 senis
523 3684 693 3766 amplexus
710 3684 799 3748 culta
816 3685 926 3767 puella
942 3684 1038 3766 fugit.

752 3804 811 3866 130
