2908 4284
237 285 261 332 2,
272 285 295 336 3,
308 270 353 335 61]
701 273 871 324 TIBVLLVS

320 449 354 504 at
369 438 429 502 tibi
445 439 528 502 dura
544 458 650 520 seges,
669 438 840 503 Nemesim
857 438 914 522 qui
929 439 1067 503 abducis
1082 438 1124 501 ab
1140 438 1232 515 urbe,

364 543 533 625 persolvat
548 543 639 605 nulla
655 543 784 605 semina
799 553 890 607 certa
906 543 979 606 fide.

319 657 353 712 et
367 658 414 723 tu,
433 646 564 710 Bacche
580 655 684 721 tener,
701 646 867 709 iucundae
884 646 1029 710 consitor
1045 667 1138 723 uvae,

361 762 398 815 tu
414 769 546 834 quoque
562 749 709 824 devotos,
730 750 870 825 Bacche,
888 750 1038 832 relinque
1055 751 1155 814 lacus

318 855 407 919 haud
423 855 559 936 impune
575 854 652 917 licet
668 855 833 916 formosas
849 853 998 917 tristibus
1014 856 1102 937 agris

363 959 501 1022 abdere:
525 978 593 1021 non
609 959 693 1020 tanti
709 965 787 1019 sunt
803 966 861 1020 tua
876 967 996 1034 musta,
1016 967 1119 1041 pater.

319 1084 338 1127 o
354 1063 487 1126 valeant
502 1063 626 1143 fruges,
644 1081 687 1124 ne
703 1062 770 1123 sint
785 1060 885 1124 modo
901 1080 976 1125 rure
993 1062 1138 1142 puellae:

363 1168 458 1249 glans
474 1167 550 1241 alat,
568 1165 726 1247 etprisco
742 1185 833 1229 more
849 1164 1004 1229 bibantur
1018 1185 1134 1248 aquae.

318 1270 416 1353 glans
432 1271 513 1334 aluit
528 1280 668 1345 veteres,
686 1279 719 1333 et
736 1269 860 1351 passim
878 1289 1010 1352 semper
1026 1277 1195 1333 amarunt:

361 1375 439 1457 quid
456 1374 569 1438 nocuit
585 1374 695 1437 sulcos
711 1394 778 1436 non
795 1372 952 1437 habuisse
968 1374 1078 1438 satos?

319 1488 398 1541 tunc
414 1478 534 1560 quibus
550 1477 719 1559 aspirabat
734 1479 843 1541 Amor
870 1477 1052 1559 praebebat
1067 1486 1182 1559 aperte

363 1583 450 1644 mitis
466 1581 499 1643 iu
516 1581 672 1644 umbrosa
688 1581 811 1662 gaudia
826 1581 912 1644 valle
928 1582 1053 1645 Venus.

318 1684 430 1748 nullus
446 1695 517 1748 erat
532 1695 653 1760 custos,
671 1685 763 1747 nulla
778 1686 953 1748 exclusura
969 1685 1121 1748 dolentes

362 1790 476 1852 ianua:
494 1789 590 1852 silas
606 1799 666 1881 est,
684 1809 756 1852 mos
772 1808 890 1870 precor
905 1789 959 1854 ille
975 1788 1054 1853 redi.

363 1911 381 1946 3
526 1910 544 1945 3
689 1911 707 1945 3
853 1911 871 1943 3
1016 1910 1034 1945 3
1182 1911 1200 1946 3

362 1995 496 2060 horrida
511 1996 626 2059 villosa
642 2016 783 2078 corpora
798 2005 891 2060 veste
906 2005 1033 2078 tegant.

319 2119 408 2163 nunc
425 2099 453 2163 si
468 2100 581 2164 clausa
597 2120 671 2162 mea
688 2110 747 2175 est,
766 2099 794 2162 si
810 2102 907 2181 copia
923 2120 996 2162 rara
1011 2099 1156 2176 videndi,

362 2203 427 2266 heu
444 2206 610 2279 miserum,
626 2205 734 2267 laxam
751 2204 830 2285 quid
846 2204 937 2266 iuvat
953 2224 1027 2268 esse
1042 2202 1175 2284 togam?
1251 2269 1253 2273 ,

269 2375 272 2382 ,
318 2307 445 2370 ducite:
469 2307 512 2370 ad
528 2307 704 2387 imperium
719 2307 872 2370 dominae
889 2307 1091 2370 sulcabimus
1107 2327 1222 2389 agros:

336 2483 341 2496 .
361 2430 428 2473 non
444 2430 509 2491 ego
524 2430 577 2473 me
592 2410 710 2473 vinclis
725 2409 986 2492 verberibusque
1002 2430 1100 2492 nego.

765 2671 799 2761 4

321 2835 386 2899 Hic
402 2834 483 2898 mihi
499 2835 668 2898 servitium
683 2836 781 2898 video
798 2834 1034 2918 dominamque
1050 2843 1222 2918 paratam:

362 2938 427 3001 iam
444 2938 533 3013 mihi,
552 2937 686 3001 libertas
703 2939 758 3000 illa
774 2948 923 3019 paterna,
941 2939 1025 3003 vale.

319 3041 488 3107 servitium
505 3041 564 3104 sed
580 3042 673 3104 triste
690 3042 796 3118 datur,
813 3050 995 3126 teneorque
1011 3045 1147 3119 catenis,

362 3153 396 3208 et
411 3164 593 3228 numquam
610 3144 730 3208 misero
745 3146 856 3209 vincla
872 3147 1008 3210 remittit
1024 3147 1140 3222 Amor,

323 3257 357 3312 et
373 3268 432 3312 seu
448 3248 528 3331 quid
543 3249 649 3312 merui
664 3250 817 3330 seuquid
834 3251 1054 3332 peccavimus,
1071 3251 1158 3313 urit:

362 3373 448 3429 uror,
466 3352 507 3429 io,
524 3372 666 3429 remove,
684 3374 784 3416 saeva
800 3355 919 3435 puella,
936 3355 1039 3418 faces.

318 3477 339 3520 o
354 3477 418 3538 ego
434 3477 477 3520 ne
493 3458 615 3538 possim
632 3457 717 3520 tales
733 3459 856 3521 sentire
872 3458 1013 3534 dolores,

362 3581 461 3642 quam
478 3561 610 3623 mallem
627 3561 659 3622 in
676 3560 793 3640 gelidis
809 3561 978 3625 montibus
994 3582 1068 3626 esse
1083 3561 1179 3643 lapis,

319 3673 408 3728 stare
423 3664 476 3727 vel
493 3663 618 3726 insanis
634 3674 749 3727 cautes
765 3664 909 3728 obnoxia
923 3667 1041 3742 ventis,

749 3790 809 3852 140
