2908 4284
520 299 627 349 LIBER
636 300 809 378 ‘QVARTVS

244 465 335 528 nulla
351 473 452 548 queat
466 465 606 547 posthac
622 484 684 528 nos
701 465 839 528 soluisse
856 464 936 529 dies.

199 577 294 650 optat
309 567 397 631 idem
413 569 541 631 iuvenis
557 568 646 650 quod
662 588 733 643 nos,
751 567 810 630 sed
826 569 944 631 tectius
960 576 1073 650 optat:

243 691 320 735 nam
338 671 442 752 pudet
457 671 539 735 haec
549 670 648 734 illum
663 671 774 735 dicere
789 672 891 735 verba
906 670 1025 753 palam.

199 783 234 838 at
249 785 295 850 tu,
314 775 453 850 Natalis,
471 775 627 856 quoniam
644 775 727 838 deus
743 774 854 838 omnia
870 775 982 851 sentis,

104 905 138 940 20
243 878 372 941 adnue:
396 877 475 960 quid
490 878 594 941 refert
620 879 751 942 clamne
767 878 923 960 palamne
939 876 1056 959 roget?

649 1107 678 1200 6

201 1269 332 1332 Natalis
350 1270 444 1346 Iuno,
461 1279 596 1334 sanctos
610 1289 694 1351 cape
710 1255 792 1332 turis
808 1289 945 1334 acervos

243 1392 327 1455 quos
342 1372 402 1435 tibi
418 1374 476 1436 dat
489 1383 604 1436 tenera
620 1373 719 1436 docta
735 1373 845 1454 puella
861 1393 971 1435 manu.

198 1485 270 1539 tota
286 1475 345 1547 tibi
360 1485 412 1539 est
428 1476 535 1552 hodie,
553 1476 612 1539 tibi
629 1497 665 1539 se
682 1475 862 1539 laetissima
878 1473 1030 1557 compsit,

244 1587 347 1642 staret
363 1588 399 1641 ut
415 1589 492 1642 ante
507 1589 583 1642 tuos
599 1579 836 1661 conspicienda
852 1580 955 1643 locos.

126 1703 140 1755 5
204 1681 260 1745 illa
275 1683 409 1764 quidem
426 1683 567 1746 ornandi
583 1703 701 1746 causas
716 1683 784 1760 tibi,
802 1683 888 1758 diva,
904 1683 1049 1764 relegat:

197 1785 200 1790 ’
244 1793 422 1849 esttamen
438 1787 568 1850 occulte
584 1786 638 1850 cui
653 1786 819 1868 placuisse
831 1785 919 1849 velit.
1038 1860 1041 1865 .

200 1896 235 1951 at
250 1897 296 1964 tu,
314 1898 438 1965 sancta,
456 1889 543 1965 fave,
560 1910 625 1953 neu
642 1889 716 1973 quis
732 1889 869 1953 divellat
884 1898 1044 1966 amantes,

244 1991 304 2056 sed
317 1992 427 2056 iuveni
443 2013 567 2076 quaeso
584 2003 700 2057 mutua
715 1993 824 2057 vincla
840 2013 930 2075 para.

201 2094 249 2158 sic
264 2095 350 2159 bene
366 2116 565 2179 compones:
591 2098 677 2160 ullae
694 2117 761 2160 non
776 2097 831 2160 ille
848 2097 979 2180 puellae

113 2226 142 2261 ιο
247 2198 370 2263 servire
386 2209 444 2263 aut
459 2200 613 2282 cuiquam
631 2200 762 2282 dignior
777 2199 834 2263 illa
849 2200 929 2265 viro.

201 2321 264 2365 nee
280 2304 385 2385 possit
401 2304 539 2386 cupidos
555 2304 697 2385 vigilans
714 2304 922 2387 deprendere
939 2312 1061 2380 custos

244 2405 450 2489 fallendique
465 2408 536 2471 vias
553 2408 642 2471 mille
658 2408 822 2471 ministret
839 2408 955 2470 Amor.

201 2509 312 2573 adnue
328 2531 562 2593 purpureaque
577 2511 655 2574 veni
671 2512 842 2593 perlucida
858 2510 967 2593 palla:

246 2622 296 2676 ter
313 2613 371 2676 tibi
386 2615 423 2677 fit
439 2615 513 2689 libo,
532 2625 591 2691 ter,
609 2616 673 2678 dea
688 2624 788 2688 casta,
808 2634 908 2678 mero.

115 2745 144 2800 15
192 2717 355 2798 praecipit
371 2727 404 2780 et
420 2727 519 2781 natae
536 2727 643 2782 mater
659 2718 809 2781 studiosa
824 2717 912 2801 quod
929 2725 1041 2800 optet:

246 2819 303 2882 illa
319 2819 408 2884 aliud
424 2821 534 2896 tacita,
552 2822 616 2884 iarn
635 2842 703 2898 sua,
721 2831 833 2884 mente
850 2830 955 2901 rogat.

203 2923 316 2998 uritur,
334 2934 370 2986 ut
386 2925 511 2988 celeres
528 2935 627 2988 urunt
643 2925 760 2988 altaria
776 2921 940 3000 flammae,

246 3046 317 3102 nec,
336 3027 433 3091 liceat
448 3029 609 3109 quamvis,
627 3049 709 3091 sana
725 3028 828 3090 luisse
844 3026 933 3094 velit.

204 3127 249 3191 sis
264 3130 375 3192 iuveni
390 3138 495 3212 grata,
509 3140 542 3194 et
557 3132 669 3195 veniet
685 3151 760 3194 cum
778 3132 947 3212 proximus
962 3149 1080 3207 annus,

113 3258 145 3294 ιο
250 3230 304 3294 hic
319 3231 406 3295 idem
423 3233 509 3297 votis
524 3235 590 3297 iam
605 3245 702 3298 vetus
718 3233 805 3297 adsit
820 3253 921 3296 amor.

658 3437 682 3533 7

202 3590 357 3653 Tandem
374 3592 466 3654 venit
482 3613 583 3669 amor,
601 3593 732 3674 qualem
749 3591 870 3655 texisse
887 3591 1005 3673 pudori

250 3713 350 3776 quam
367 3696 511 3759 nudasse
528 3695 626 3760 alicui
641 3696 685 3758 sit
700 3695 781 3757 mihi
795 3695 887 3756 fama
903 3693 1020 3776 magis.

643 3796 703 3880 169
