<?xml version="1.0" encoding="UTF-8"?>
<!DOCTYPE html PUBLIC "-//W3C//DTD XHTML 1.0 Transitional//EN"
    "http://www.w3.org/TR/xhtml1/DTD/xhtml1-transitional.dtd">
<html xmlns="http://www.w3.org/1999/xhtml" xml:lang="en" lang="en">
 <head>
  <title>
</title>
<meta http-equiv="Content-Type" content="text/html;charset=utf-8" />
  <meta name='ocr-system' content='tesseract 3.04.00' />
  <meta name='ocr-capabilities' content='ocr_page ocr_carea ocr_par ocr_line ocrx_word'/>
</head>
<body>
  <div class='ocr_page' id='page_1' title='image "./elegiesalbiusti00smitgoog_0134.png"; bbox 0 0 2908 4284; ppageno 0'>
   <div class='ocr_carea' id='block_1_1' title="bbox 111 3511 144 3559">
    <p class='ocr_par' dir='ltr' id='par_1_1' title="bbox 111 3511 144 3559">
     <span class='ocr_line' id='line_1_1' title="bbox 111 3511 144 3559; baseline 0 -12"><span class='ocrx_word' id='word_1_1' title='bbox 111 3511 144 3559; x_wconf 87' lang='lat'><strong>40</strong></span> 
     </span>
    </p>
   </div>
   <div class='ocr_carea' id='block_1_2' title="bbox 536 303 1217 369">
    <p class='ocr_par' dir='ltr' id='par_1_2' title="bbox 536 303 1217 369">
     <span class='ocr_line' id='line_1_2' title="bbox 536 303 1217 369; baseline -0.004 -11"><span class='ocrx_word' id='word_1_2' title='bbox 536 309 642 358; x_wconf 75' lang='lat' dir='ltr'><strong>ursus</strong></span> <span class='ocrx_word' id='word_1_3' title='bbox 666 309 795 358; x_wconf 75' lang='lat' dir='ltr'><strong>raruvs</strong></span> <span class='ocrx_word' id='word_1_4' title='bbox 1010 321 1016 335; x_wconf 94' lang='lat'><strong>·</strong></span> <span class='ocrx_word' id='word_1_5' title='bbox 1100 303 1138 369; x_wconf 83' lang='lat'><strong>[1.</strong></span> <span class='ocrx_word' id='word_1_6' title='bbox 1150 318 1174 368; x_wconf 87' lang='lat'><strong>9,</strong></span> <span class='ocrx_word' id='word_1_7' title='bbox 1183 319 1217 366; x_wconf 82' lang='lat'><strong>42</strong></span> 
     </span>
    </p>
   </div>
   <div class='ocr_carea' id='block_1_3' title="bbox 192 472 1105 3771">
    <p class='ocr_par' dir='ltr' id='par_1_3' title="bbox 201 472 1065 659">
     <span class='ocr_line' id='line_1_3' title="bbox 201 472 1065 555; baseline 0 -19"><span class='ocrx_word' id='word_1_8' title='bbox 201 472 394 537; x_wconf 90' lang='lat' dir='ltr'><strong>muneribus</strong></span> <span class='ocrx_word' id='word_1_9' title='bbox 410 493 504 536; x_wconf 88' lang='lat' dir='ltr'><strong>meus</strong></span> <span class='ocrx_word' id='word_1_10' title='bbox 520 483 572 537; x_wconf 92' lang='lat' dir='ltr'><strong>est</strong></span> <span class='ocrx_word' id='word_1_11' title='bbox 587 484 706 554; x_wconf 87' lang='lat' dir='ltr'><strong>captus</strong></span> <span class='ocrx_word' id='word_1_12' title='bbox 722 494 814 555; x_wconf 87' lang='lat' dir='ltr'><strong>puer.</strong></span> <span class='ocrx_word' id='word_1_13' title='bbox 860 484 895 536; x_wconf 90' lang='lat' dir='ltr'><strong>at</strong></span> <span class='ocrx_word' id='word_1_14' title='bbox 911 473 993 537; x_wconf 91' lang='lat' dir='ltr'><strong>deus</strong></span> <span class='ocrx_word' id='word_1_15' title='bbox 1010 472 1065 536; x_wconf 88' lang='lat' dir='ltr'><strong>illa</strong></span> 
     </span>
     <span class='ocr_line' id='line_1_4' title="bbox 246 577 1055 659; baseline 0.001 -20"><span class='ocrx_word' id='word_1_16' title='bbox 246 577 280 639; x_wconf 90' lang='lat' dir='ltr'><strong>in</strong></span> <span class='ocrx_word' id='word_1_17' title='bbox 296 578 490 640; x_wconf 88' lang='lat' dir='ltr'><strong>cinerem-et</strong></span> <span class='ocrx_word' id='word_1_18' title='bbox 506 577 648 658; x_wconf 91' lang='lat' dir='ltr'><strong>liquidas</strong></span> <span class='ocrx_word' id='word_1_19' title='bbox 664 596 803 639; x_wconf 90' lang='lat' dir='ltr'><strong>munera</strong></span> <span class='ocrx_word' id='word_1_20' title='bbox 818 586 927 639; x_wconf 90' lang='lat' dir='ltr'><strong>vertat</strong></span> <span class='ocrx_word' id='word_1_21' title='bbox 942 597 1055 659; x_wconf 90' lang='lat' dir='ltr'><strong>aquas.</strong></span> 
     </span>
    </p>

    <p class='ocr_par' dir='ltr' id='par_1_4' title="bbox 201 679 1065 858">
     <span class='ocr_line' id='line_1_5' title="bbox 201 679 1065 763; baseline -0.001 -21"><span class='ocrx_word' id='word_1_22' title='bbox 201 679 265 742; x_wconf 92' lang='lat' dir='ltr'><strong>iam</strong></span> <span class='ocrx_word' id='word_1_23' title='bbox 284 679 364 742; x_wconf 91' lang='lat' dir='ltr'><strong>mihi</strong></span> <span class='ocrx_word' id='word_1_24' title='bbox 379 680 549 761; x_wconf 87' lang='lat' dir='ltr'><strong>persolvet</strong></span> <span class='ocrx_word' id='word_1_25' title='bbox 564 700 701 761; x_wconf 87' lang='lat' dir='ltr'><strong>poenas,</strong></span> <span class='ocrx_word' id='word_1_26' title='bbox 719 679 893 763; x_wconf 90' lang='lat' dir='ltr'><strong>pulvisque</strong></span> <span class='ocrx_word' id='word_1_27' title='bbox 910 681 1065 743; x_wconf 90' lang='lat' dir='ltr'>decorem</span> 
     </span>
     <span class='ocr_line' id='line_1_6' title="bbox 246 783 949 858; baseline -0.003 -11"><span class='ocrx_word' id='word_1_28' title='bbox 246 784 398 847; x_wconf 84' lang='lat' dir='ltr'>detrahet</span> <span class='ocrx_word' id='word_1_29' title='bbox 414 793 448 846; x_wconf 90' lang='lat' dir='ltr'><strong>et</strong></span> <span class='ocrx_word' id='word_1_30' title='bbox 462 784 570 847; x_wconf 89' lang='lat' dir='ltr'><strong>ventis</strong></span> <span class='ocrx_word' id='word_1_31' title='bbox 588 784 721 847; x_wconf 89' lang='lat' dir='ltr'><strong>horrida</strong></span> <span class='ocrx_word' id='word_1_32' title='bbox 737 783 828 848; x_wconf 85' lang='lat' dir='ltr'><strong>facta</strong></span> <span class='ocrx_word' id='word_1_33' title='bbox 844 803 949 858; x_wconf 90' lang='lat' dir='ltr'><strong>coma,</strong></span> 
     </span>
    </p>

    <p class='ocr_par' dir='ltr' id='par_1_5' title="bbox 201 887 916 1074">
     <span class='ocr_line' id='line_1_7' title="bbox 201 887 824 970; baseline 0 -20"><span class='ocrx_word' id='word_1_34' title='bbox 201 896 315 951; x_wconf 90' lang='lat' dir='ltr'><strong>uretur</strong></span> <span class='ocrx_word' id='word_1_35' title='bbox 330 887 444 963; x_wconf 85' lang='lat' dir='ltr'><strong>facies,</strong></span> <span class='ocrx_word' id='word_1_36' title='bbox 462 899 601 951; x_wconf 90' lang='lat' dir='ltr'><strong>urentur</strong></span> <span class='ocrx_word' id='word_1_37' title='bbox 617 889 687 952; x_wconf 90' lang='lat' dir='ltr'><strong>sole</strong></span> <span class='ocrx_word' id='word_1_38' title='bbox 703 887 824 970; x_wconf 89' lang='lat' dir='ltr'><strong>capilli,</strong></span> 
     </span>
     <span class='ocr_line' id='line_1_8' title="bbox 246 991 916 1074; baseline 0 -20"><span class='ocrx_word' id='word_1_39' title='bbox 246 991 374 1055; x_wconf 89' lang='lat' dir='ltr'><strong>deteret</strong></span> <span class='ocrx_word' id='word_1_40' title='bbox 387 991 552 1056; x_wconf 88' lang='lat' dir='ltr'><strong>invalidos</strong></span> <span class='ocrx_word' id='word_1_41' title='bbox 567 1002 601 1056; x_wconf 87' lang='lat' dir='ltr'><strong>et</strong></span> <span class='ocrx_word' id='word_1_42' title='bbox 616 993 670 1055; x_wconf 92' lang='lat' dir='ltr'><strong>via</strong></span> <span class='ocrx_word' id='word_1_43' title='bbox 685 992 787 1074; x_wconf 89' lang='lat' dir='ltr'><strong>longa</strong></span> <span class='ocrx_word' id='word_1_44' title='bbox 802 991 916 1074; x_wconf 88' lang='lat' dir='ltr'><strong>pedes.</strong></span> 
     </span>
    </p>

    <p class='ocr_par' dir='ltr' id='par_1_6' title="bbox 202 1093 1013 1280">
     <span class='ocr_line' id='line_1_9' title="bbox 202 1093 1013 1178; baseline -0.002 -20"><span class='ocrx_word' id='word_1_45' title='bbox 202 1093 361 1158; x_wconf 91' lang='lat' dir='ltr'><strong>admonui</strong></span> <span class='ocrx_word' id='word_1_46' title='bbox 375 1094 529 1177; x_wconf 89' lang='lat' dir='ltr'><strong>quotiens</strong></span> <span class='ocrx_word' id='word_1_47' title='bbox 547 1101 646 1159; x_wconf 90' lang='lat' dir='ltr'><strong>‘auro</strong></span> <span class='ocrx_word' id='word_1_48' title='bbox 662 1115 705 1158; x_wconf 90' lang='lat' dir='ltr'><strong>ne</strong></span> <span class='ocrx_word' id='word_1_49' title='bbox 722 1095 834 1178; x_wconf 90' lang='lat' dir='ltr'><strong>pollue</strong></span> <span class='ocrx_word' id='word_1_50' title='bbox 849 1095 1013 1158; x_wconf 82' lang='lat' dir='ltr'><strong>formam:</strong></span> 
     </span>
     <span class='ocr_line' id='line_1_10' title="bbox 245 1199 956 1280; baseline 0.001 -18"><span class='ocrx_word' id='word_1_51' title='bbox 245 1218 347 1280; x_wconf 85' lang='lat' dir='ltr'>saepe</span> <span class='ocrx_word' id='word_1_52' title='bbox 364 1199 472 1262; x_wconf 91' lang='lat' dir='ltr'><strong>solent</strong></span> <span class='ocrx_word' id='word_1_53' title='bbox 481 1219 568 1268; x_wconf 81' lang='lat' dir='ltr'><strong>¹auro</strong></span> <span class='ocrx_word' id='word_1_54' title='bbox 585 1200 690 1263; x_wconf 93' lang='lat' dir='ltr'><strong>multa</strong></span> <span class='ocrx_word' id='word_1_55' title='bbox 705 1200 843 1264; x_wconf 85' lang='lat' dir='ltr'><strong>subesse</strong></span> <span class='ocrx_word' id='word_1_56' title='bbox 859 1199 956 1263; x_wconf 93' lang='lat' dir='ltr'><strong>mala.</strong></span> 
     </span>
    </p>

    <p class='ocr_par' dir='ltr' id='par_1_7' title="bbox 202 1301 960 1488">
     <span class='ocr_line' id='line_1_11' title="bbox 202 1301 919 1385; baseline -0.001 -20"><span class='ocrx_word' id='word_1_57' title='bbox 202 1301 325 1366; x_wconf 89' lang='lat' dir='ltr'><strong>divitiis</strong></span> <span class='ocrx_word' id='word_1_58' title='bbox 341 1313 460 1385; x_wconf 90' lang='lat' dir='ltr'><strong>captus</strong></span> <span class='ocrx_word' id='word_1_59' title='bbox 476 1303 505 1366; x_wconf 93' lang='lat' dir='ltr'><strong>si</strong></span> <span class='ocrx_word' id='word_1_60' title='bbox 520 1303 595 1385; x_wconf 93' lang='lat' dir='ltr'><strong>quis</strong></span> <span class='ocrx_word' id='word_1_61' title='bbox 610 1303 746 1367; x_wconf 90' lang='lat' dir='ltr'><strong>violavit</strong></span> <span class='ocrx_word' id='word_1_62' title='bbox 762 1323 919 1380; x_wconf 87' lang='lat' dir='ltr'><strong>amorem,</strong></span> 
     </span>
     <span class='ocr_line' id='line_1_12' title="bbox 245 1395 960 1488; baseline 0.003 -20"><span class='ocrx_word' id='word_1_63' title='bbox 245 1425 430 1488; x_wconf 89' lang='lat' dir='ltr'><strong>asperaque</strong></span> <span class='ocrx_word' id='word_1_64' title='bbox 446 1415 500 1470; x_wconf 92' lang='lat' dir='ltr'><strong>est</strong></span> <span class='ocrx_word' id='word_1_65' title='bbox 514 1407 562 1468; x_wconf 92' lang='lat' dir='ltr'><strong>illi</strong></span> <span class='ocrx_word' id='word_1_66' title='bbox 578 1406 787 1488; x_wconf 89' lang='lat' dir='ltr'><strong>difficilisque</strong></span> <span class='ocrx_word' id='word_1_67' title='bbox 803 1407 928 1471; x_wconf 88' lang='lat' dir='ltr'><strong>Venus.</strong></span> <span class='ocrx_word' id='word_1_68' title='bbox 956 1395 960 1403; x_wconf 70' lang='grc'><strong>’</strong></span> 
     </span>
    </p>

    <p class='ocr_par' dir='ltr' id='par_1_8' title="bbox 202 1510 1036 1695">
     <span class='ocr_line' id='line_1_13' title="bbox 202 1510 1036 1592; baseline 0.002 -20"><span class='ocrx_word' id='word_1_69' title='bbox 202 1528 264 1572; x_wconf 89' lang='lat' dir='ltr'><strong>ure</strong></span> <span class='ocrx_word' id='word_1_70' title='bbox 280 1529 390 1572; x_wconf 90' lang='lat' dir='ltr'><strong>meum</strong></span> <span class='ocrx_word' id='word_1_71' title='bbox 408 1510 519 1592; x_wconf 91' lang='lat' dir='ltr'><strong>potius</strong></span> <span class='ocrx_word' id='word_1_72' title='bbox 534 1510 670 1573; x_wconf 91' lang='lat' dir='ltr'><strong>flamma</strong></span> <span class='ocrx_word' id='word_1_73' title='bbox 686 1519 788 1592; x_wconf 92' lang='lat' dir='ltr'><strong>caput</strong></span> <span class='ocrx_word' id='word_1_74' title='bbox 803 1520 837 1573; x_wconf 95' lang='lat' dir='ltr'><strong>et</strong></span> <span class='ocrx_word' id='word_1_75' title='bbox 853 1521 930 1592; x_wconf 90' lang='lat' dir='ltr'><strong>pete</strong></span> <span class='ocrx_word' id='word_1_76' title='bbox 946 1511 1036 1574; x_wconf 81' lang='lat' dir='ltr'><strong>ferro</strong></span> 
     </span>
     <span class='ocr_line' id='line_1_14' title="bbox 247 1614 926 1695; baseline 0.001 -19"><span class='ocrx_word' id='word_1_77' title='bbox 247 1632 368 1695; x_wconf 91' lang='lat' dir='ltr'><strong>corpus</strong></span> <span class='ocrx_word' id='word_1_78' title='bbox 385 1623 419 1677; x_wconf 90' lang='lat' dir='ltr'><strong>et</strong></span> <span class='ocrx_word' id='word_1_79' title='bbox 434 1614 557 1677; x_wconf 89' lang='lat' dir='ltr'><strong>intorto</strong></span> <span class='ocrx_word' id='word_1_80' title='bbox 573 1615 712 1678; x_wconf 90' lang='lat' dir='ltr'><strong>verbere</strong></span> <span class='ocrx_word' id='word_1_81' title='bbox 728 1623 825 1695; x_wconf 89' lang='lat' dir='ltr'><strong>terga</strong></span> <span class='ocrx_word' id='word_1_82' title='bbox 841 1634 926 1677; x_wconf 90' lang='lat' dir='ltr'><strong>seca.</strong></span> 
     </span>
    </p>

    <p class='ocr_par' dir='ltr' id='par_1_9' title="bbox 203 1716 1022 1904">
     <span class='ocr_line' id='line_1_15' title="bbox 203 1716 962 1800; baseline 0.005 -22"><span class='ocrx_word' id='word_1_83' title='bbox 203 1736 267 1780; x_wconf 88' lang='lat' dir='ltr'><strong>nec</strong></span> <span class='ocrx_word' id='word_1_84' title='bbox 281 1716 341 1780; x_wconf 91' lang='lat' dir='ltr'><strong>tibi</strong></span> <span class='ocrx_word' id='word_1_85' title='bbox 357 1717 487 1781; x_wconf 91' lang='lat' dir='ltr'><strong>celandi</strong></span> <span class='ocrx_word' id='word_1_86' title='bbox 503 1737 581 1799; x_wconf 88' lang='lat' dir='ltr'><strong>spes</strong></span> <span class='ocrx_word' id='word_1_87' title='bbox 597 1718 640 1780; x_wconf 93' lang='lat' dir='ltr'><strong>sit</strong></span> <span class='ocrx_word' id='word_1_88' title='bbox 655 1737 797 1800; x_wconf 90' lang='lat' dir='ltr'><strong>peecare</strong></span> <span class='ocrx_word' id='word_1_89' title='bbox 813 1718 962 1800; x_wconf 87' lang='lat' dir='ltr'><strong>paranti:</strong></span> 
     </span>
     <span class='ocr_line' id='line_1_16' title="bbox 247 1820 1022 1904; baseline 0.001 -20"><span class='ocrx_word' id='word_1_90' title='bbox 247 1830 299 1884; x_wconf 91' lang='lat' dir='ltr'><strong>est</strong></span> <span class='ocrx_word' id='word_1_91' title='bbox 314 1820 396 1884; x_wconf 90' lang='lat' dir='ltr'><strong>deus</strong></span> <span class='ocrx_word' id='word_1_92' title='bbox 409 1821 556 1884; x_wconf 92' lang='lat' dir='ltr'><strong>occultos</strong></span> <span class='ocrx_word' id='word_1_93' title='bbox 573 1822 630 1904; x_wconf 93' lang='lat' dir='ltr'><strong>qui</strong></span> <span class='ocrx_word' id='word_1_94' title='bbox 645 1831 737 1886; x_wconf 87' lang='lat' dir='ltr'><strong>vetat</strong></span> <span class='ocrx_word' id='word_1_95' title='bbox 752 1841 826 1885; x_wconf 90' lang='lat' dir='ltr'><strong>esse</strong></span> <span class='ocrx_word' id='word_1_96' title='bbox 843 1820 946 1885; x_wconf 92' lang='lat' dir='ltr'><strong>dolos.</strong></span> <span class='ocrx_word' id='word_1_97' title='bbox 1019 1887 1022 1895; x_wconf 78' lang='grc'><strong>,</strong></span> 
     </span>
    </p>

    <p class='ocr_par' dir='ltr' id='par_1_10' title="bbox 203 1923 940 2093">
     <span class='ocr_line' id='line_1_17' title="bbox 203 1923 940 2008; baseline 0.001 -20"><span class='ocrx_word' id='word_1_98' title='bbox 203 1923 276 2006; x_wconf 90' lang='lat' dir='ltr'><strong>ipse</strong></span> <span class='ocrx_word' id='word_1_99' title='bbox 291 1925 374 1989; x_wconf 92' lang='lat' dir='ltr'><strong>deus</strong></span> <span class='ocrx_word' id='word_1_100' title='bbox 389 1926 490 1989; x_wconf 90' lang='lat' dir='ltr'><strong>tacito</strong></span> <span class='ocrx_word' id='word_1_101' title='bbox 507 1927 657 2008; x_wconf 89' lang='lat' dir='ltr'><strong>permisit</strong></span> <span class='ocrx_word' id='word_1_102' title='bbox 673 1946 773 2007; x_wconf 89' lang='lat' dir='ltr'><strong>saepe</strong></span> <span class='ocrx_word' id='word_1_103' title='bbox 791 1925 940 1989; x_wconf 89' lang='lat' dir='ltr'><strong>ministro</strong></span> 
     </span>
     <span class='ocr_line' id='line_1_18' title="bbox 247 2029 895 2093; baseline -0.002 -1"><span class='ocrx_word' id='word_1_104' title='bbox 247 2029 360 2092; x_wconf 89' lang='lat' dir='ltr'><strong>ederet</strong></span> <span class='ocrx_word' id='word_1_105' title='bbox 376 2039 412 2092; x_wconf 92' lang='lat' dir='ltr'><strong>ut</strong></span> <span class='ocrx_word' id='word_1_106' title='bbox 428 2030 532 2093; x_wconf 91' lang='lat' dir='ltr'><strong>multo</strong></span> <span class='ocrx_word' id='word_1_107' title='bbox 549 2030 652 2093; x_wconf 90' lang='lat' dir='ltr'><strong>libera</strong></span> <span class='ocrx_word' id='word_1_108' title='bbox 668 2030 770 2093; x_wconf 90' lang='lat' dir='ltr'><strong>verba</strong></span> <span class='ocrx_word' id='word_1_109' title='bbox 785 2049 895 2093; x_wconf 90' lang='lat' dir='ltr'><strong>mero:</strong></span> 
     </span>
    </p>

    <p class='ocr_par' dir='ltr' id='par_1_11' title="bbox 203 2131 965 2318">
     <span class='ocr_line' id='line_1_19' title="bbox 203 2131 965 2216; baseline -0.001 -20"><span class='ocrx_word' id='word_1_110' title='bbox 203 2131 276 2216; x_wconf 92' lang='lat' dir='ltr'><strong>ipse</strong></span> <span class='ocrx_word' id='word_1_111' title='bbox 292 2132 374 2197; x_wconf 89' lang='lat' dir='ltr'><strong>deus</strong></span> <span class='ocrx_word' id='word_1_112' title='bbox 391 2153 507 2198; x_wconf 92' lang='lat' dir='ltr'><strong>somno</strong></span> <span class='ocrx_word' id='word_1_113' title='bbox 524 2133 667 2197; x_wconf 91' lang='lat' dir='ltr'><strong>domitos</strong></span> <span class='ocrx_word' id='word_1_114' title='bbox 684 2135 834 2198; x_wconf 89' lang='lat' dir='ltr'><strong>emittere</strong></span> <span class='ocrx_word' id='word_1_115' title='bbox 850 2153 965 2197; x_wconf 90' lang='lat' dir='ltr'><strong>vocem</strong></span> 
     </span>
     <span class='ocr_line' id='line_1_20' title="bbox 247 2237 921 2318; baseline -0.001 -18"><span class='ocrx_word' id='word_1_116' title='bbox 247 2237 343 2300; x_wconf 92' lang='lat' dir='ltr'><strong>iussit</strong></span> <span class='ocrx_word' id='word_1_117' title='bbox 358 2247 392 2301; x_wconf 93' lang='lat' dir='ltr'><strong>et</strong></span> <span class='ocrx_word' id='word_1_118' title='bbox 405 2237 527 2301; x_wconf 91' lang='lat' dir='ltr'><strong>invitos</strong></span> <span class='ocrx_word' id='word_1_119' title='bbox 544 2237 634 2301; x_wconf 83' lang='lat' dir='ltr'><strong>lacta</strong></span> <span class='ocrx_word' id='word_1_120' title='bbox 650 2238 795 2318; x_wconf 89' lang='lat' dir='ltr'><strong>tegenda</strong></span> <span class='ocrx_word' id='word_1_121' title='bbox 810 2237 921 2318; x_wconf 88' lang='lat' dir='ltr'><strong>loqui&#39;</strong></span> 
     </span>
    </p>

    <p class='ocr_par' dir='ltr' id='par_1_12' title="bbox 204 2340 1100 2529">
     <span class='ocr_line' id='line_1_21' title="bbox 204 2340 1100 2423; baseline -0.001 -20"><span class='ocrx_word' id='word_1_122' title='bbox 204 2340 287 2404; x_wconf 88' lang='lat' dir='ltr'><strong>haec</strong></span> <span class='ocrx_word' id='word_1_123' title='bbox 303 2361 366 2423; x_wconf 84' lang='lat' dir='ltr'><strong>ego</strong></span> <span class='ocrx_word' id='word_1_124' title='bbox 382 2341 551 2405; x_wconf 88' lang='lat' dir='ltr'><strong>dicebam:</strong></span> <span class='ocrx_word' id='word_1_125' title='bbox 576 2361 666 2404; x_wconf 92' lang='lat' dir='ltr'><strong>nunc</strong></span> <span class='ocrx_word' id='word_1_126' title='bbox 683 2361 735 2404; x_wconf 92' lang='lat' dir='ltr'><strong>me</strong></span> <span class='ocrx_word' id='word_1_127' title='bbox 753 2341 883 2405; x_wconf 90' lang='lat' dir='ltr'><strong>flevisse</strong></span> <span class='ocrx_word' id='word_1_128' title='bbox 900 2341 1100 2422; x_wconf 87' lang='lat' dir='ltr'><strong>loquentem,</strong></span> 
     </span>
     <span class='ocr_line' id='line_1_22' title="bbox 246 2444 1026 2529; baseline -0.003 -20"><span class='ocrx_word' id='word_1_129' title='bbox 246 2467 335 2510; x_wconf 91' lang='lat' dir='ltr'><strong>nune</strong></span> <span class='ocrx_word' id='word_1_130' title='bbox 352 2447 456 2529; x_wconf 90' lang='lat' dir='ltr'><strong>pudet</strong></span> <span class='ocrx_word' id='word_1_131' title='bbox 470 2447 513 2510; x_wconf 90' lang='lat' dir='ltr'><strong>ad</strong></span> <span class='ocrx_word' id='word_1_132' title='bbox 530 2457 664 2511; x_wconf 88' lang='lat' dir='ltr'><strong>teneros</strong></span> <span class='ocrx_word' id='word_1_133' title='bbox 680 2445 897 2529; x_wconf 88' lang='lat' dir='ltr'><strong>procubuisse</strong></span> <span class='ocrx_word' id='word_1_134' title='bbox 913 2444 1026 2526; x_wconf 87' lang='lat' dir='ltr'><strong>pedes.</strong></span> 
     </span>
    </p>

    <p class='ocr_par' dir='ltr' id='par_1_13' title="bbox 203 2548 1048 2736">
     <span class='ocr_line' id='line_1_23' title="bbox 203 2548 901 2614; baseline -0.003 0"><span class='ocrx_word' id='word_1_135' title='bbox 203 2558 284 2614; x_wconf 90' lang='lat' dir='ltr'><strong>tunc</strong></span> <span class='ocrx_word' id='word_1_136' title='bbox 301 2551 381 2613; x_wconf 91' lang='lat' dir='ltr'><strong>mihi</strong></span> <span class='ocrx_word' id='word_1_137' title='bbox 396 2551 529 2614; x_wconf 90' lang='lat' dir='ltr'><strong>iurabas</strong></span> <span class='ocrx_word' id='word_1_138' title='bbox 546 2551 637 2614; x_wconf 93' lang='lat' dir='ltr'><strong>nullo</strong></span> <span class='ocrx_word' id='word_1_139' title='bbox 654 2560 687 2613; x_wconf 89' lang='lat' dir='ltr'><strong>te</strong></span> <span class='ocrx_word' id='word_1_140' title='bbox 703 2550 813 2613; x_wconf 90' lang='lat' dir='ltr'><strong>divitis</strong></span> <span class='ocrx_word' id='word_1_141' title='bbox 829 2548 901 2613; x_wconf 91' lang='lat' dir='ltr'><strong>auri</strong></span> 
     </span>
     <span class='ocr_line' id='line_1_24' title="bbox 248 2653 1048 2736; baseline -0.004 -19"><span class='ocrx_word' id='word_1_142' title='bbox 248 2655 405 2735; x_wconf 81' lang='lat' dir='ltr'><strong>pondere,</strong></span> <span class='ocrx_word' id='word_1_143' title='bbox 423 2676 490 2718; x_wconf 89' lang='lat' dir='ltr'><strong>non</strong></span> <span class='ocrx_word' id='word_1_144' title='bbox 508 2654 659 2736; x_wconf 87' lang='lat' dir='ltr'><strong>gemmis,</strong></span> <span class='ocrx_word' id='word_1_145' title='bbox 676 2654 821 2718; x_wconf 86' lang='lat' dir='ltr'><strong>vendere</strong></span> <span class='ocrx_word' id='word_1_146' title='bbox 837 2653 922 2717; x_wconf 91' lang='lat' dir='ltr'><strong>velle</strong></span> <span class='ocrx_word' id='word_1_147' title='bbox 939 2653 1048 2728; x_wconf 85' lang='lat' dir='ltr'><strong>fidem,</strong></span> 
     </span>
    </p>

    <p class='ocr_par' dir='ltr' id='par_1_14' title="bbox 204 2757 1014 2942">
     <span class='ocr_line' id='line_1_25' title="bbox 204 2757 1014 2840; baseline 0 -20"><span class='ocrx_word' id='word_1_148' title='bbox 204 2776 272 2821; x_wconf 91' lang='lat' dir='ltr'><strong>non</strong></span> <span class='ocrx_word' id='word_1_149' title='bbox 289 2757 349 2820; x_wconf 91' lang='lat' dir='ltr'><strong>tibi</strong></span> <span class='ocrx_word' id='word_1_150' title='bbox 364 2760 391 2828; x_wconf 86' lang='lat' dir='ltr'><strong>si</strong></span> <span class='ocrx_word' id='word_1_151' title='bbox 407 2758 549 2840; x_wconf 88' lang='lat' dir='ltr'><strong>pretium</strong></span> <span class='ocrx_word' id='word_1_152' title='bbox 567 2757 753 2840; x_wconf 87' lang='lat' dir='ltr'><strong>Campania</strong></span> <span class='ocrx_word' id='word_1_153' title='bbox 768 2768 855 2822; x_wconf 90' lang='lat' dir='ltr'><strong>terra</strong></span> <span class='ocrx_word' id='word_1_154' title='bbox 872 2759 1014 2834; x_wconf 90' lang='lat' dir='ltr'><strong>daretur,</strong></span> 
     </span>
     <span class='ocr_line' id='line_1_26' title="bbox 249 2861 955 2942; baseline 0.001 -18"><span class='ocrx_word' id='word_1_155' title='bbox 249 2881 316 2924; x_wconf 90' lang='lat' dir='ltr'><strong>non</strong></span> <span class='ocrx_word' id='word_1_156' title='bbox 332 2862 391 2924; x_wconf 91' lang='lat' dir='ltr'><strong>tibi</strong></span> <span class='ocrx_word' id='word_1_157' title='bbox 407 2861 435 2924; x_wconf 93' lang='lat' dir='ltr'><strong>si</strong></span> <span class='ocrx_word' id='word_1_158' title='bbox 452 2862 576 2925; x_wconf 88' lang='lat' dir='ltr'><strong>Bacchi</strong></span> <span class='ocrx_word' id='word_1_159' title='bbox 592 2881 672 2925; x_wconf 91' lang='lat' dir='ltr'><strong>eura</strong></span> <span class='ocrx_word' id='word_1_160' title='bbox 689 2862 851 2925; x_wconf 88' lang='lat' dir='ltr'><strong>Falernus</strong></span> <span class='ocrx_word' id='word_1_161' title='bbox 868 2881 955 2942; x_wconf 87' lang='lat' dir='ltr'><strong>ager.</strong></span> 
     </span>
    </p>

    <p class='ocr_par' dir='ltr' id='par_1_15' title="bbox 192 2947 1050 3149">
     <span class='ocr_line' id='line_1_27' title="bbox 192 2947 1050 3047; baseline 0.001 -21"><span class='ocrx_word' id='word_1_162' title='bbox 192 2959 267 3028; x_wconf 79' lang='lat' dir='ltr'><strong>¹illis</strong></span> <span class='ocrx_word' id='word_1_163' title='bbox 282 2964 427 3047; x_wconf 88' lang='lat' dir='ltr'><strong>eriperes</strong></span> <span class='ocrx_word' id='word_1_164' title='bbox 444 2965 553 3028; x_wconf 91' lang='lat' dir='ltr'><strong>verbis</strong></span> <span class='ocrx_word' id='word_1_165' title='bbox 570 2965 651 3027; x_wconf 88' lang='lat' dir='ltr'><strong>mihi</strong></span> <span class='ocrx_word' id='word_1_166' title='bbox 668 2965 777 3028; x_wconf 92' lang='lat' dir='ltr'><strong>sidera</strong></span> <span class='ocrx_word' id='word_1_167' title='bbox 793 2965 875 3028; x_wconf 90' lang='lat' dir='ltr'><strong>caeli</strong></span> <span class='ocrx_word' id='word_1_168' title='bbox 1047 2947 1050 2954; x_wconf 49' lang='grc'><strong>’</strong></span> 
     </span>
     <span class='ocr_line' id='line_1_28' title="bbox 247 3067 874 3149; baseline 0.003 -19"><span class='ocrx_word' id='word_1_169' title='bbox 247 3067 357 3132; x_wconf 89' lang='lat' dir='ltr'><strong>lucere</strong></span> <span class='ocrx_word' id='word_1_170' title='bbox 373 3078 406 3133; x_wconf 94' lang='lat' dir='ltr'><strong>et</strong></span> <span class='ocrx_word' id='word_1_171' title='bbox 422 3087 523 3149; x_wconf 91' lang='lat' dir='ltr'><strong>puras</strong></span> <span class='ocrx_word' id='word_1_172' title='bbox 539 3067 689 3132; x_wconf 84' lang='lat' dir='ltr'><strong>fulminis</strong></span> <span class='ocrx_word' id='word_1_173' title='bbox 704 3088 778 3132; x_wconf 90' lang='lat' dir='ltr'><strong>esse</strong></span> <span class='ocrx_word' id='word_1_174' title='bbox 794 3070 874 3132; x_wconf 90' lang='lat' dir='ltr'><strong>vias.</strong></span> 
     </span>
    </p>

    <p class='ocr_par' dir='ltr' id='par_1_16' title="bbox 203 3170 1023 3356">
     <span class='ocr_line' id='line_1_29' title="bbox 203 3170 1023 3253; baseline 0.004 -20"><span class='ocrx_word' id='word_1_175' title='bbox 203 3172 283 3253; x_wconf 91' lang='lat' dir='ltr'><strong>quin</strong></span> <span class='ocrx_word' id='word_1_176' title='bbox 299 3174 399 3236; x_wconf 88' lang='lat' dir='ltr'><strong>etiam</strong></span> <span class='ocrx_word' id='word_1_177' title='bbox 415 3170 536 3234; x_wconf 90' lang='lat' dir='ltr'><strong>flebas:</strong></span> <span class='ocrx_word' id='word_1_178' title='bbox 560 3181 595 3234; x_wconf 89' lang='lat' dir='ltr'><strong>at</strong></span> <span class='ocrx_word' id='word_1_179' title='bbox 610 3191 676 3236; x_wconf 89' lang='lat' dir='ltr'><strong>non</strong></span> <span class='ocrx_word' id='word_1_180' title='bbox 693 3192 757 3252; x_wconf 88' lang='lat' dir='ltr'><strong>ego</strong></span> <span class='ocrx_word' id='word_1_181' title='bbox 773 3172 889 3236; x_wconf 84' lang='lat' dir='ltr'><strong>fallere</strong></span> <span class='ocrx_word' id='word_1_182' title='bbox 905 3172 1023 3237; x_wconf 92' lang='lat' dir='ltr'><strong>doctus</strong></span> 
     </span>
     <span class='ocr_line' id='line_1_30' title="bbox 247 3275 1009 3356; baseline 0 -19"><span class='ocrx_word' id='word_1_183' title='bbox 247 3275 417 3356; x_wconf 86' lang='lat' dir='ltr'><strong>tergebam</strong></span> <span class='ocrx_word' id='word_1_184' title='bbox 435 3283 588 3338; x_wconf 90' lang='lat' dir='ltr'><strong>umentes</strong></span> <span class='ocrx_word' id='word_1_185' title='bbox 605 3275 759 3338; x_wconf 90' lang='lat' dir='ltr'><strong>credulus</strong></span> <span class='ocrx_word' id='word_1_186' title='bbox 775 3295 880 3356; x_wconf 91' lang='lat' dir='ltr'><strong>usque</strong></span> <span class='ocrx_word' id='word_1_187' title='bbox 896 3295 1009 3356; x_wconf 86' lang='lat' dir='ltr'><strong>genas.</strong></span> 
     </span>
    </p>

    <p class='ocr_par' dir='ltr' id='par_1_17' title="bbox 203 3378 1105 3565">
     <span class='ocr_line' id='line_1_31' title="bbox 203 3378 1105 3462; baseline 0 -20"><span class='ocrx_word' id='word_1_188' title='bbox 203 3379 283 3461; x_wconf 90' lang='lat' dir='ltr'><strong>quid</strong></span> <span class='ocrx_word' id='word_1_189' title='bbox 300 3379 430 3453; x_wconf 81' lang='lat' dir='ltr'><strong>faciam,</strong></span> <span class='ocrx_word' id='word_1_190' title='bbox 448 3379 511 3442; x_wconf 90' lang='lat' dir='ltr'><strong>nisi</strong></span> <span class='ocrx_word' id='word_1_191' title='bbox 528 3381 649 3462; x_wconf 90' lang='lat' dir='ltr'><strong>etipse</strong></span> <span class='ocrx_word' id='word_1_192' title='bbox 666 3380 756 3443; x_wconf 81' lang='lat' dir='ltr'><strong>fores</strong></span> <span class='ocrx_word' id='word_1_193' title='bbox 773 3380 805 3440; x_wconf 89' lang='lat' dir='ltr'><strong>in</strong></span> <span class='ocrx_word' id='word_1_194' title='bbox 822 3399 935 3442; x_wconf 90' lang='lat' dir='ltr'><strong>amore</strong></span> <span class='ocrx_word' id='word_1_195' title='bbox 952 3378 1105 3460; x_wconf 82' lang='lat' dir='ltr'><strong>puellae?</strong></span> 
     </span>
     <span class='ocr_line' id='line_1_32' title="bbox 247 3482 919 3565; baseline -0.001 -19"><span class='ocrx_word' id='word_1_196' title='bbox 247 3482 306 3546; x_wconf 93' lang='lat' dir='ltr'><strong>sed</strong></span> <span class='ocrx_word' id='word_1_197' title='bbox 323 3502 440 3565; x_wconf 90' lang='lat' dir='ltr'><strong>precor</strong></span> <span class='ocrx_word' id='word_1_198' title='bbox 455 3484 607 3564; x_wconf 87' lang='lat' dir='ltr'><strong>exemplo</strong></span> <span class='ocrx_word' id='word_1_199' title='bbox 624 3483 667 3547; x_wconf 92' lang='lat' dir='ltr'><strong>sit</strong></span> <span class='ocrx_word' id='word_1_200' title='bbox 682 3482 764 3546; x_wconf 91' lang='lat' dir='ltr'><strong>levis</strong></span> <span class='ocrx_word' id='word_1_201' title='bbox 781 3482 836 3545; x_wconf 92' lang='lat' dir='ltr'><strong>illa</strong></span> <span class='ocrx_word' id='word_1_202' title='bbox 852 3492 919 3545; x_wconf 90' lang='lat' dir='ltr'><strong>tuo.</strong></span> 
     </span>
    </p>

    <p class='ocr_par' dir='ltr' id='par_1_18' title="bbox 203 3586 1063 3771">
     <span class='ocr_line' id='line_1_33' title="bbox 203 3586 1063 3669; baseline -0.003 -19"><span class='ocrx_word' id='word_1_203' title='bbox 203 3606 223 3650; x_wconf 95' lang='lat' dir='ltr'><strong>o</strong></span> <span class='ocrx_word' id='word_1_204' title='bbox 239 3586 402 3667; x_wconf 89' lang='lat' dir='ltr'><strong>quotiens,</strong></span> <span class='ocrx_word' id='word_1_205' title='bbox 420 3587 529 3650; x_wconf 91' lang='lat' dir='ltr'><strong>verbis</strong></span> <span class='ocrx_word' id='word_1_206' title='bbox 544 3607 588 3651; x_wconf 89' lang='lat' dir='ltr'><strong>ne</strong></span> <span class='ocrx_word' id='word_1_207' title='bbox 603 3587 779 3669; x_wconf 88' lang='lat' dir='ltr'><strong>quisquam</strong></span> <span class='ocrx_word' id='word_1_208' title='bbox 797 3587 949 3648; x_wconf 90' lang='lat' dir='ltr'><strong>conscius</strong></span> <span class='ocrx_word' id='word_1_209' title='bbox 965 3593 1063 3660; x_wconf 91' lang='lat' dir='ltr'><strong>esset,</strong></span> 
     </span>
     <span class='ocr_line' id='line_1_34' title="bbox 247 3688 918 3771; baseline -0.001 -20"><span class='ocrx_word' id='word_1_210' title='bbox 247 3690 320 3771; x_wconf 92' lang='lat' dir='ltr'><strong>ipse</strong></span> <span class='ocrx_word' id='word_1_211' title='bbox 335 3708 447 3753; x_wconf 88' lang='lat' dir='ltr'><strong>comes</strong></span> <span class='ocrx_word' id='word_1_212' title='bbox 464 3690 568 3753; x_wconf 89' lang='lat' dir='ltr'><strong>multa</strong></span> <span class='ocrx_word' id='word_1_213' title='bbox 583 3689 708 3752; x_wconf 92' lang='lat' dir='ltr'><strong>lumina</strong></span> <span class='ocrx_word' id='word_1_214' title='bbox 724 3698 823 3752; x_wconf 89' lang='lat' dir='ltr'><strong>nocte</strong></span> <span class='ocrx_word' id='word_1_215' title='bbox 838 3688 918 3751; x_wconf 89' lang='lat' dir='ltr'><strong>tuli!</strong></span> 
     </span>
    </p>
   </div>
   <div class='ocr_carea' id='block_1_4' title="bbox 635 3815 695 3878">
    <p class='ocr_par' dir='ltr' id='par_1_19' title="bbox 635 3815 695 3878">
     <span class='ocr_line' id='line_1_35' title="bbox 635 3815 695 3878; baseline -0.033 -16"><span class='ocrx_word' id='word_1_216' title='bbox 635 3815 695 3878; x_wconf 88' lang='lat'><strong>129</strong></span> 
     </span>
    </p>
   </div>
   <div class='ocr_carea' id='block_1_5' title="bbox 0 0 1461 4284">
    <p class='ocr_par' dir='ltr' id='par_1_20' title="bbox 0 0 1461 4284">
     <span class='ocr_line' id='line_1_36' title="bbox 0 0 1461 4284; baseline 0 0"><span class='ocrx_word' id='word_1_217' title='bbox 0 0 1461 4284; x_wconf 95' lang='lat' dir='ltr'><strong> </strong></span> 
     </span>
    </p>
   </div>
  </div>
 </body>
</html>
