2902 4288
474 300 691 364 rssrmoum
714 301 871 368 innova

445 469 641 545 Drounnas,
659 490 690 552 p.
707 471 781 548 484,
804 469 891 550 17K
932 547 935 560 ,

118 580 242 661 Elegia
273 590 326 644 est
357 602 491 644 carmen
521 583 743 663 compositum
767 582 958 646 hexametro
987 602 1087 648 versu
1110 591 1222 665 penta·

117 695 295 767 metroque
309 684 446 748 alternis
462 685 494 748 in
511 685 617 748 vicem
635 685 760 768 positis,
778 694 814 748 ut

334 787 465 850 divitias
480 788 565 851 alius
581 789 674 851 fulvo
689 787 752 850 sibi
767 799 928 878 congerat
942 811 1024 854 auro

377 903 412 954 et
426 901 539 955 teneat
556 892 636 954 culti
651 893 767 973 iugera
783 893 887 956 multa
903 894 972 957 soli.

118 995 209 1078 quod
229 1016 337 1078 genus
352 995 508 1059 carminis
525 997 704 1078 praecipue
724 995 928 1077 scripserunt
943 998 1033 1078 apud
1054 997 1223 1061 Romanos

120 1099 314 1180 Propertius
352 1109 385 1162 et
416 1098 568 1162 Tibullus
598 1109 633 1163 et
664 1099 780 1163 Gallus
816 1099 933 1162 imitati
971 1100 1117 1164 Graecos
1152 1100 1223 1165 Cal-

117 1200 311 1266 limachum
325 1214 359 1267 et
383 1202 610 1284 Euphoriona.
663 1201 770 1284 elegia
793 1212 904 1266 autem
928 1204 1017 1267 dicta
1040 1204 1109 1267 sive
1132 1199 1224 1285 παρὰ

118 1301 157 1366 τὸ
177 1300 212 1366 εὖ
229 1310 338 1385 λεγειν
351 1302 424 1370 τοὺς
439 1301 632 1371 τεθνεῶταςε
656 1307 728 1369 fere
744 1306 832 1370 enim
854 1307 1088 1371 defunctorum
1109 1307 1224 1370 laudes

118 1408 185 1471 hoc
216 1410 363 1474 carmine
393 1410 781 1492 comprehendebantur:
814 1409 883 1474 sive
906 1405 974 1471 ἀπὸ
996 1409 1054 1471 τοῦ
1076 1406 1169 1472 ἐλέου
1189 1411 1223 1473 id

118 1523 173 1574 est
193 1513 413 1588 miseratione,
434 1514 523 1597 quod
543 1509 676 1596 θρήνους
693 1514 820 1597 ι(ἳῐειεῑοί
840 1516 895 1577 vel
913 1511 1019 1576 ἐλεεῖα
1038 1515 1101 1577 isto
1120 1524 1224 1576 metro

119 1615 400 1696 scriptitaverunt.
447 1619 500 1680 cui
519 1617 667 1699 opinioni
690 1619 878 1681 consentire
897 1617 1028 1681 videtur
1052 1617 1223 1692 Horatius,

27 1755 35 1774 .
119 1738 196 1781 cum
216 1719 258 1780 ad
278 1720 417 1783 Albium
439 1720 609 1782 Tibullum
629 1721 810 1800 elegiarum
831 1730 1000 1784 auctorem
1018 1719 1167 1784 scribens
1182 1719 1224 1783 ab

118 1841 160 1883 ea
183 1831 286 1903 quarn
301 1819 443 1883 diximus
464 1819 675 1883 miseratione
697 1821 811 1902 elegos
833 1819 1038 1884 miserabiles
1059 1821 1139 1885 dicit
1162 1824 1225 1886 hoc

118 1924 219 1987 modo
232 1944 240 1987 ι

506 2101 508 2104 ,
541 2048 607 2090 neu
623 2027 827 2092 miserabiles

253 2131 411 2196 decantes
426 2133 549 2213 elegos.

323 2281 488 2344 Srnourvs
509 2282 759 2356 Aporrrmrus,
779 2277 886 2343 Cam.
903 2296 932 2359 9,
952 2292 1015 2358 259

309 2411 376 2454 non
393 2390 587 2455 Gaetulicus
603 2391 656 2454 hic
672 2391 732 2453 tibi
749 2392 887 2472 legetur,

309 2515 375 2557 non
393 2495 535 2569 Marsus,
554 2494 653 2570 Ped0,
673 2494 783 2568 Silius,
801 2493 967 2568 Tibullus,

309 2617 375 2659 non
391 2596 480 2680 quod
498 2596 666 2678 Sulpiciae
682 2598 774 2659 iocus
790 2596 930 2659 Thaliae

309 2699 440 2781 scripsit
454 2699 704 2782 blandiloquum
722 2719 781 2762 suo
799 2700 933 2774 Caleno,

308 2823 375 2866 non
392 2803 483 2865 Persi
499 2802 588 2883 rigor
603 2812 660 2865 aut
676 2803 770 2884 lepos
787 2801 946 2883 Properti.

541 2951 647 3033 Epist.
667 2968 695 3027 2,
718 2969 764 3026 10,
781 2953 803 3014 6

116 3066 220 3131 Certe
251 3064 279 3128 si
305 3073 436 3147 praeter
466 3084 535 3127 rem
567 3065 742 3127 oratoriam
773 3061 991 3128 contubernio
1020 3063 1220 3126 feminarum

116 3170 287 3252 poeticum
311 3169 481 3250 ingenium
507 3179 540 3231 et
563 3167 628 3230 oris
659 3166 707 3229 tui
731 3167 842 3229 limam
873 3167 1098 3247 frequentium
1123 3165 1222 3229 studi-

115 3292 214 3337 orum
254 3269 382 3334 cotibus
421 3271 598 3353 expolitam
638 3272 785 3354 quereris
826 3269 973 3344 obtundi,
1009 3270 1220 3332 reminiscere

116 3375 207 3459 quod
232 3394 333 3457 saepe
355 3395 487 3438 versum
512 3375 659 3440 Corinna
685 3395 760 3438 cum
785 3394 846 3436 suo
871 3374 1008 3435 Nasone
1032 3371 1219 3454 complevit,

118 3477 244 3542 Lesbia
266 3498 341 3541 cum
373 3478 515 3554 Catulle,
548 3478 732 3543 Caesennia
764 3497 838 3540 cum
871 3466 1055 3551 Gaetulico,
1088 3475 1220 3556 Argen·

115 3583 202 3646 taria
233 3601 307 3644 cum
337 3581 484 3658 Lucano,
517 3581 662 3666 Cynthia
696 3600 769 3643 curn
806 3580 986 3660 Propertio,
1016 3578 1115 3642 Delia
1144 3597 1219 3640 cum

116 3684 261 3750 Tibullo.

641 3791 696 3850 181
