2908 4284
515 292 621 344 LIBER
643 293 821 344 SECVNDVS
1105 287 1178 356 [2,4‚
1190 303 1219 355 41

252 458 420 539 naufraga
434 477 533 540 quam
551 459 638 521 vasti
653 458 811 522 tunderet
827 457 917 520 unda
933 456 1049 520 maris!

209 581 300 625 nunc
316 572 349 625 et
366 581 479 624 amara
495 561 566 625 dies
583 571 616 626 et
632 562 739 625 noctis
755 561 898 624 amarior
914 561 1032 624 umbra
1048 569 1114 624 est:

254 666 367 728 omnia
380 685 470 729 nunc
486 666 572 728 tristi
588 676 740 746 tempora
755 665 836 729 felle
852 664 996 728 madent.

210 789 273 832 nec
289 778 429 850 prosunt
444 769 532 850 elegi
548 789 610 832 nec
627 768 783 832 carminis
800 777 915 832 auctor
930 767 1071 849 Apollo:

254 872 310 936 illa
326 893 408 936 cava
424 872 566 954 pretium
584 872 712 954 flagitat
728 892 835 954 usque
847 890 957 935 manu.

210 975 255 1039 ite
271 977 397 1059 procul,
416 977 546 1052 Musae,
564 977 592 1038 si
607 996 675 1040 non
693 976 858 1057 prodestis
875 973 1014 1038 amanti:

256 1099 323 1143 non
339 1099 403 1162 ego
418 1100 487 1155 vos,
506 1089 543 1142 ut
559 1081 624 1142 sint
640 1080 728 1143 bella
744 1079 904 1154 canenda,
922 1078 1006 1154 colo,
1043 1103 1048 1113 ·

211 1203 275 1247 nec
290 1183 399 1248 refero
416 1183 560 1264 solisque
576 1185 648 1246 vias
664 1185 698 1246 et
714 1182 830 1266 qualis,
849 1181 906 1245 ubi
922 1181 1036 1246 orbem

193 1285 195 1288 ’
256 1286 443 1369 complevit,
460 1288 565 1350 versis
582 1288 680 1350 Luna
696 1287 835 1350 recurrit
850 1287 953 1368 equis.

212 1391 255 1454 ad
271 1391 438 1454 dominam
454 1390 572 1453 faciles
589 1389 698 1452 aditus
716 1377 776 1470 per
791 1388 939 1453 carmina
954 1405 1094 1471 quaero:

254 1493 299 1558 ite
316 1494 440 1576 procul,
459 1494 588 1568 Musae,
606 1493 634 1556 si
650 1492 730 1555 nihil
748 1492 810 1554 ista
827 1491 948 1554 valent.

212 1607 247 1662 at
263 1597 343 1661 mihi
358 1617 419 1679 per
434 1596 571 1661 caedem
588 1605 622 1660 et
637 1594 769 1659 facinus
786 1603 863 1658 sunt
880 1594 969 1658 dona
984 1594 1142 1676 paranda,

257 1721 299 1764 ne
314 1701 438 1765 iaceam
456 1700 602 1764 clausam
620 1699 738 1763 flebilis
754 1709 832 1762 ante
848 1700 1001 1762 domum:

213 1823 271 1878 aut
284 1814 412 1897 rapiam
428 1833 593 1896 suspensa
608 1812 711 1877 sacris
727 1813 870 1894 insignia
885 1812 993 1876 fanis:

258 1920 315 1984 sed
331 1921 448 1984 Venus
464 1929 542 1984 ante
555 1919 637 1983 alios
653 1929 705 1983 est
719 1919 874 1982 violanda
890 1918 980 1982 mihi.

210 2023 267 2087 illa
282 2024 405 2087 malurn
421 2024 552 2087 facinus
568 2024 688 2087 suadet
703 2023 938 2104 dominamque
954 2041 1110 2104 rapacem

257 2127 314 2190 dat
330 2127 428 2190 mihi:
452 2127 632 2208 sacrilegas
650 2127 772 2190 sentiat
786 2127 842 2189 illa
858 2146 985 2189 manus.

213 2251 234 2294 o
250 2240 365 2312 pereat
379 2230 580 2314 quicumque
597 2230 678 2312 legit
693 2229 882 2314 viridesque
899 2228 1094 2310 smaragdos

165 2349 168 2354 ’
257 2343 291 2398 et
306 2335 437 2398 niveam
453 2333 556 2419 Tyrio
573 2334 697 2397 murice
712 2333 813 2416 tingit
828 2353 934 2397 ovem.

213 2437 268 2501 hic
284 2438 341 2500 dat
356 2439 513 2502 avaritiae
529 2457 649 2501 causas
666 2447 699 2501 et
715 2439 785 2502 Coa
801 2437 920 2519 puellis

255 2543 357 2606 vestis
373 2552 408 2606 et
423 2562 441 2606 e
457 2542 557 2606 rubro
574 2542 684 2605 lucida
700 2542 827 2605 concha
843 2542 935 2604 mari.
1013 2530 1017 2538 ’

214 2645 297 2710 haec
314 2646 425 2710 fecere
440 2646 560 2709 malas:
580 2646 657 2709 hinc
673 2645 792 2709 clavim
809 2645 907 2709 ianua
926 2643 1031 2708 sensit

157 2759 159 2762 '
258 2759 292 2812 et
307 2751 417 2831 coepit
433 2760 545 2814 custos
562 2750 683 2813 liminis
699 2770 774 2813 esse
790 2751 891 2813 canis.

215 2854 275 2918 sed
291 2855 434 2935 pretium
451 2856 479 2918 si
494 2854 622 2937 grande
638 2855 738 2930 ieras,
756 2853 906 2917 custodia
921 2855 1009 2917 victa
1024 2860 1076 2916 est

258 2977 320 3021 nec
337 2957 515 3039 prohibent
530 2959 641 3022 claves
653 2969 688 3022 et
703 2957 795 3021 canis
810 2959 883 3038 ipse
900 2964 996 3020 tacet.

214 3061 280 3125 heu
296 3061 496 3145 quicumque
512 3061 603 3125 dedit
619 3062 760 3126 formam
778 3061 930 3124 caelestis
946 3078 1075 3134 avarae,

259 3165 356 3247 quale
372 3165 496 3229 bonum
512 3165 624 3229 multis
641 3165 752 3228 attulit
766 3165 821 3227 ille
838 3163 950 3226 malis!

215 3268 293 3333 hinc
309 3268 407 3332 fletus
423 3271 580 3352 rixaeque
593 3278 722 3343 sonant,
738 3269 819 3331 haec
836 3266 980 3349 denique
997 3285 1098 3330 causa

216 3457 220 3465 Ι
258 3372 339 3437 fecit
356 3384 392 3436 ut
407 3372 543 3436 infamis
559 3374 606 3436 sic
622 3373 704 3436 deus
720 3381 810 3435 esset
826 3371 941 3434 Amor.

215 3485 250 3539 at
265 3475 325 3538 tibi
339 3496 426 3558 quae
441 3477 549 3558 pretio
564 3477 669 3540 victos
686 3475 832 3539 excludis
849 3483 1000 3537 amantes

258 3579 400 3661 eripiant
418 3589 530 3661 partas
546 3590 666 3644 ventus
683 3588 716 3642 et
732 3580 820 3660 ignis
836 3597 934 3658 opes:

214 3685 296 3766 quin
313 3693 370 3747 tua
385 3693 466 3747 tunc
482 3684 619 3748 iuvenes
636 3692 790 3764 spectent
805 3681 959 3744 incendia
975 3677 1063 3754 laeti,
1151 3769 1154 3774 Ι

651 3811 707 3872 141
