2908 4284
221 249 335 315 1‚2,⁶8]
378 336 382 346 ι
685 261 855 310 rmvmvs

346 435 451 508 ponat
465 437 499 491 et
514 425 547 488 in
564 436 662 509 capto
681 425 802 489 Martia
818 435 928 489 castra
943 425 1023 501 solo,

303 540 392 595 totus
408 539 442 593 et
457 540 597 611 argento
612 539 796 604 contextus,
814 539 903 592 totus
920 539 953 592 et
969 549 1059 605 auro,

324 647 327 654 ’
345 633 488 697 insideat
503 633 603 697 celeri
618 632 875 715 conspiciendus
891 652 987 715 equo,

303 737 375 819 ipse
391 736 493 801 boves
511 756 584 801 mea
600 737 629 800 si
644 747 753 799 tecum
771 736 870 800 modo
888 736 986 800 Delia
1001 739 1126 818 possim

347 842 485 921 iungere
501 851 535 904 et
549 841 584 902 in
600 841 697 904 solito
714 859 852 921 pascere
869 849 982 904 monte
998 861 1111 922 pecus,

303 953 336 1008 et
352 954 385 1007 te
400 943 479 1006 dum
497 944 593 1007 liceat
608 943 732 1007 teneris
749 944 891 1007 retinere
907 944 1049 1019 lacertis,

348 1047 455 1111 mollis
470 1056 505 1111 et
520 1047 644 1110 inculta
660 1049 702 1110 sit
718 1047 799 1109 mihi
815 1067 951 1112 somnus
968 1049 1078 1112 humo.

303 1151 382 1234 quid
397 1150 499 1235 Tyrio
516 1151 675 1214 recubare
693 1160 765 1213 toro
781 1151 852 1215 sine
868 1171 982 1215 amore
997 1151 1144 1216 secundo

348 1254 492 1337 prodest,
509 1274 584 1318 cum
601 1253 680 1318 fletu
698 1274 762 1316 nox
777 1254 947 1336 vigilanda
963 1255 1077 1319 venit?

303 1378 380 1421 nam
396 1367 504 1440 n'eque
520 1367 599 1422 tunc
616 1358 748 1441 plumae
765 1365 827 1422 nec
845 1360 993 1440 stragula
1010 1359 1099 1442 picta
1115 1379 1272 1442 soporem

348 1481 409 1525 nec
425 1462 553 1525 sonitus
569 1461 719 1544 placidae
735 1462 856 1525 ducere
873 1472 987 1545 posset
1002 1482 1117 1544 aquae.

303 1585 384 1628 num
399 1565 541 1630 Veneris
557 1585 700 1646 magnae
716 1565 836 1628 violavi
852 1565 989 1629 numina
1003 1566 1116 1642 verbo,

346 1678 379 1732 et
395 1688 468 1733 mea
484 1688 573 1732 nunc
591 1689 716 1750 poenas
733 1669 836 1750 impia
852 1669 966 1750 lingua
981 1669 1064 1733 luit?

303 1792 383 1835 num
399 1773 489 1837 feror
503 1773 649 1837 incestus
666 1772 762 1836 sedes
779 1773 900 1836 adiisse
916 1772 1053 1837 deorum

348 1886 501 1959 sertaque
517 1877 559 1940 de
575 1875 699 1940 sanctis
716 1875 901 1958 deripuisse
917 1876 1024 1941 focis?

304 1999 369 2043 non
387 1999 460 2061 ego,
478 1979 506 2043 si
521 1980 636 2055 merui,
653 1979 801 2043 dubitem
818 1980 1036 2062 procumbere
1053 1980 1186 2064 templis

346 2093 380 2147 et
395 2083 475 2147 dare
491 2082 628 2147 sacratis
644 2083 758 2146 oscula
773 2083 951 2159 liminibus,

302 2207 369 2250 non
385 2207 448 2269 ego
465 2186 616 2251 tellurem
633 2186 775 2269 genibus
792 2206 969 2269 perrepere
987 2189 1129 2271 supplex

346 2300 380 2354 et
396 2291 553 2355 miserum
570 2301 685 2354 sancto
702 2290 843 2354 tundere
860 2301 955 2373 poste
971 2301 1082 2374 caput

301 2403 339 2458 at
353 2405 389 2457 tu
405 2393 462 2476 qui
478 2395 583 2458 laetus
600 2394 687 2457 rides
704 2393 791 2456 mala
807 2403 930 2470 nostra,
948 2405 1066 2458 caveto

347 2518 424 2560 mox
439 2498 517 2561 tibi:
540 2518 607 2562 non
623 2498 681 2560 uni
698 2499 824 2561 saeviet
839 2517 944 2579 usque
960 2497 1052 2562 deus.
1131 2531 1132 2538 κ

302 2601 371 2664 vidi
385 2621 449 2683 ego
465 2603 522 2684 qui
538 2601 694 2665 iuvenum
711 2599 849 2664 miseros
865 2600 998 2665 lusisset
1013 2622 1144 2666 amores
1208 2657 1211 2663 .

302 2720 305 2728 ’
347 2715 423 2788 post
437 2705 579 2770 Veneris
595 2704 713 2768 vinclis
730 2704 871 2768 subdere
887 2705 972 2768 colla
987 2725 1102 2768 senem

303 2818 337 2873 et
353 2809 414 2873 sibi
429 2809 607 2872 blanditias
623 2808 765 2872 tremula
781 2828 982 2890 componere
997 2828 1079 2873 voce

347 2922 381 2976 et
397 2912 548 2976 manibus
565 2932 663 2976 canas
680 2913 806 2994 fingere
821 2913 907 2975 velle
923 2931 1037 2976 comas
1048 2931 1063 2974 :v

304 3025 391 3081 stare
406 3036 468 3080 nec
484 3027 562 3079 ante
578 3017 668 3079 fores
684 3015 802 3097 puduit
818 3035 956 3080 caraeve
973 3016 1103 3097 puellae

348 3120 500 3184 ancillam
518 3119 626 3183 medio
642 3119 824 3183 detinuisse
840 3120 923 3184 foro.

303 3223 392 3288 hunc
408 3243 500 3306 puer,
518 3223 607 3286 hunc
623 3223 751 3286 iuvenis
767 3224 865 3287 turba
881 3224 1083 3287 circumterit
1098 3233 1180 3299 arta,

347 3327 479 3409 despuit
494 3328 529 3389 in
545 3327 661 3390 molles
677 3341 710 3389 et
726 3326 789 3389 sibi
804 3326 944 3409 quisque
960 3329 1061 3391 sinus.

304 3439 339 3493 at
355 3431 435 3493 mihi
450 3449 560 3513 parce,
577 3431 711 3494 Venus:
735 3449 868 3511 semper
882 3430 943 3493 tibi
957 3430 1070 3495 dedita
1086 3431 1188 3497 servit

347 3553 443 3598 mens
458 3552 551 3596 mea:
575 3532 655 3614 quid
671 3552 797 3597 messes
813 3532 882 3596 uris
896 3534 1016 3597 acerba
1032 3535 1130 3598 tuas?

740 3750 798 3796 112
