2908 4284
530 279 635 331 mnan
655 279 833 331 sucvuovs
1114 274 1152 342 [2,
1164 289 1186 338 3,
1199 275 1232 326 ⁶0

216 441 334 506 fabula
349 464 438 507 nunc
455 443 509 507 ille
524 454 593 507 est:
624 444 682 508 sed
699 444 753 508 cui
768 465 828 508 sua
843 464 923 509 cura
939 443 1050 527 puella
1066 453 1118 509 est

263 546 378 609 fabula
394 549 436 609 sit
452 548 577 610 mavult
593 568 691 629 quam
712 549 784 612 sine
800 568 913 612 amore
928 549 1021 612 deus.

218 658 254 712 at
268 659 315 725 tu,
332 650 482 732 quisquis
497 653 525 712 is
541 671 577 714 es
593 650 646 713 cui
661 652 747 714 tristi
761 651 874 715 fronte
891 651 1023 734 Cupido

263 753 414 835 imperat,
433 763 469 816 ut
484 763 599 817 nostra
616 754 682 817 sint
697 764 755 817 tua
771 765 881 818 castra
896 755 995 820 domo

265 876 283 908 1
429 875 447 910 1
592 878 610 910 1
755 877 773 912 1
919 877 937 912 1
1085 879 1103 914 1

220 960 329 1025 ferrea
345 980 412 1024 non
429 961 595 1024 Venerem
614 961 673 1024 sed
690 962 849 1042 praedam
868 964 1001 1028 saecula
1018 964 1169 1028 laudant:

265 1064 389 1145 praeda
405 1074 517 1128 tamen
535 1064 646 1128 multis
662 1074 714 1128 est
730 1076 867 1147 operata
882 1068 986 1131 malis.

221 1167 346 1248 praeda
360 1168 450 1231 feras
466 1169 554 1231 acies
570 1168 671 1232 cinxit
687 1168 893 1245 discordibus
909 1172 1024 1235 armis:

265 1271 343 1334 hinc
359 1290 464 1346 cruor,
483 1272 559 1336 hinc
577 1273 697 1336 caedes
716 1294 804 1338 mors
820 1276 1021 1357 propiorque
1036 1275 1135 1338 venit.

223 1375 347 1457 praeda
361 1395 449 1456 vago
464 1376 559 1439 iussit
575 1377 746 1458 geminare
762 1378 909 1460 pericula
926 1388 1039 1459 ponto,

264 1478 384 1542 bellica
398 1500 473 1543 cum
490 1480 599 1544 dubiis
616 1491 723 1546 rostra
739 1481 830 1546 dedit
845 1480 980 1544 ratibus.

223 1581 401 1664 praedator
416 1583 508 1666 cupit
526 1585 707 1649 immensos
724 1585 876 1650 obsidere
892 1604 1039 1666 campos,

267 1696 303 1748 ut
319 1687 423 1750 multa
438 1687 614 1753 innumera
630 1691 745 1771 iugera
762 1700 878 1771 pascat
894 1709 970 1754 ove:

223 1789 276 1855 cui
291 1792 376 1873 lapis
392 1801 548 1857 externus
566 1806 664 1856 curae
681 1801 741 1868 est,
759 1792 916 1875 urbisque
930 1791 1074 1856 tumultu

267 1903 417 1976 portatur
432 1897 550 1960 validis
567 1897 656 1960 mille
673 1896 827 1960 columna
842 1895 938 1978 iugis,

221 1993 346 2064 claudit
360 2011 394 2064 et
410 1999 607 2064 indomitum
625 2001 729 2064 moles
745 2019 846 2073 mare,
863 1998 973 2062 lentus
990 2007 1026 2062 ut
1041 1998 1129 2062 intra

267 2104 424 2185 neglegat
440 2103 597 2168 hibernas
614 2103 714 2186 piscis
730 2103 848 2167 adesse
865 2104 980 2165 minas.

222 2215 258 2270 at
271 2206 331 2272 tibi
346 2208 434 2272 laeta
448 2208 583 2272 trahant
599 2205 732 2272 Samiae
748 2206 898 2270 convivia
913 2215 1020 2271 testae

267 2311 410 2395 fictaque
427 2312 577 2377 Cumana
593 2310 720 2374 lubrica
735 2319 823 2374 terra
838 2319 919 2374 rota.

224 2415 290 2481 heu
306 2417 372 2481 heu
387 2415 544 2479 divitibus
560 2414 656 2478 video
666 2413 820 2496 gaudere
836 2413 983 2495 puellas:
1119 2495 1123 2506 ι

132 2545 165 2601 ⁵0
266 2520 332 2583 iam
348 2519 484 2585 veniant
501 2519 654 2601 praedae,
673 2519 701 2581 si
717 2518 834 2581 Venus
851 2525 944 2598 optat
960 2535 1052 2597 opes,

223 2632 262 2686 ut
276 2642 351 2686 mea
366 2623 493 2687 luxuria
511 2624 666 2686 Nemesis
684 2621 765 2685 fluat
781 2632 879 2703 utque
895 2638 954 2701 per
970 2619 1086 2682 urbem

269 2727 401 2792 incedat
417 2728 513 2791 donis
530 2725 769 2808 conspicienda
785 2726 877 2787 meis.

223 2830 280 2893 illa
295 2841 391 2912 gerat
404 2841 516 2895 vestes
532 2841 651 2895 tenues
668 2849 752 2913 quas
768 2828 894 2891 femina
911 2826 981 2891 Coa

267 2934 381 3010 texuit,
398 2944 530 2998 auratas
547 2934 776 3015 disposuitque
792 2932 879 2995 vias:

133 3063 165 3117 55
222 3037 270 3100 illi
285 3037 352 3101 sint
367 3037 504 3102 comites
520 3039 606 3101 fusci
622 3057 707 3119 quos
725 3036 821 3098 India
837 3042 949 3109 torret,

268 3140 346 3204 solis
361 3150 396 3204 et
411 3141 553 3205 admotis
569 3140 672 3204 inficit
689 3140 777 3221 ignis
793 3137 902 3221 equis:

224 3242 272 3307 illi
287 3243 428 3308 selectos
444 3253 572 3309 certent
588 3244 747 3326 praebere
763 3242 890 3306 colores
917 3260 920 3265 ·

269 3346 389 3412 Africa
404 3346 581 3430 puniceum
600 3365 869 3429 purpureumque
885 3344 1002 3429 Tyros.

271 3469 289 3504 1
433 3469 451 3504 1
595 3470 613 3502 1
758 3468 776 3503 1
920 3465 938 3500 1
1086 3465 1104 3500 1

225 3563 305 3618 nota
321 3555 453 3638 loquor:
477 3575 618 3636 regnum
633 3555 705 3634 ipse
721 3562 812 3616 tenet
827 3571 926 3633 quem
943 3570 1044 3632 saepe
1059 3550 1170 3631 coegit

132 3670 168 3723 60
267 3657 408 3721 barbara
423 3667 584 3742 gypsatos
602 3658 689 3721 lerre
706 3665 832 3719 catasta
848 3655 960 3736 pedes.

654 3778 715 3844 ¹39
