2908 4284
231 287 253 338 3,
266 273 289 333 s,
300 269 348 336 41]
698 271 867 321 risvmvs

311 439 357 503 sic
373 439 493 502 cecinit
509 458 569 520 pro
585 447 618 501 te
634 438 760 512 doctus,
780 435 895 511 Minoi,
914 434 1064 500 Catullus

359 541 482 624 ingrati
498 542 648 604 referens
663 539 766 622 impia
782 540 874 604 lacta
888 539 958 602 viri.

315 666 376 710 vos
391 665 454 727 ego
470 664 559 708 nunc
576 664 715 708 moneo:
739 642 828 718 felix,
846 644 1047 726 quicumque
1062 643 1178 707 dolore

359 749 495 813 alterius
511 747 620 811 disces
636 767 735 830 posse
753 766 871 810 cavere
886 755 954 810 tuo.

316 873 379 917 nec
394 873 454 916 vos
469 861 527 915 aut
543 851 677 933 capiant
693 850 876 932 pendentia
890 849 1046 914 bracchia
1061 850 1147 914 collo

359 966 417 1020 aut
432 957 528 1019 fallat
544 955 667 1018 blanda
683 954 817 1018 sordida
832 954 947 1036 lingua
963 973 1071 1036 prece.

316 1062 378 1125 etsi
394 1079 520 1142 perque
536 1079 614 1123 suos
627 1059 730 1122 fallax
744 1060 864 1122 iuravit
880 1058 1003 1122 ocellos

361 1165 591 1245 Iunonemque
606 1182 702 1225 suam
719 1182 844 1244 perque
859 1182 950 1226 suam
968 1163 1148 1236 Venerem,

316 1267 408 1331 nulla
423 1267 505 1336 fides
520 1265 637 1337 inerit:
662 1266 806 1348 periuria
823 1266 909 1330 ridet
923 1274 1096 1329 amantum

243 1457 244 1460 Ἴ
275 1435 277 1440 ,
361 1370 515 1453 Iuppiter
529 1380 564 1434 et
577 1380 696 1434 ventos
712 1369 803 1433 irrita
819 1371 908 1434 ferre
922 1369 1023 1433 iubet.

316 1495 397 1556 ergo
412 1475 490 1557 quid
506 1474 628 1538 totiens
643 1473 772 1536 fallacis
787 1473 890 1537 verba
905 1472 1036 1554 puellae

360 1578 569 1660 conqueror?
593 1579 638 1641 ite
654 1598 674 1641 a
691 1597 753 1653 me,
770 1579 856 1641 seria
871 1577 982 1651 verba,
1000 1595 1127 1657 precor.

316 1702 417 1764 quam
432 1681 552 1746 vellem
569 1692 679 1745 tecum
696 1681 813 1763 longas
830 1682 1038 1763 requiescere
1054 1689 1171 1743 noctes

360 1796 394 1849 et
409 1795 519 1849 tecum
535 1784 654 1867 longos
670 1785 869 1867 pervigilare
884 1784 965 1859 dies,

232 1915 241 1936 r
317 1889 443 1970 perfida
459 1909 521 1952 uec
537 1889 655 1953 merito
671 1889 767 1952 nobis
782 1889 915 1951 inimica
930 1886 1080 1963 merenti,

360 1993 496 2075 perfida,
513 1992 581 2069 sed,
598 1992 750 2075 quamvis
766 1993 902 2074 perfida,
919 2011 997 2055 cara
1010 1990 1142 2054 tamen!

318 2097 427 2160 Naida
445 2097 598 2160 Bacchus
614 2108 722 2160 amat:
746 2116 868 2171 cessas,
885 2116 904 2159 o
921 2095 1009 2158 lente
1025 2091 1199 2157 minister?

359 2210 523 2282 temperet
538 2220 703 2263 annosum
721 2201 849 2263 Marcia
864 2199 1002 2283 lympha
1017 2216 1155 2262 merum.

316 2324 383 2368 non
400 2324 473 2386 ego,
491 2305 518 2368 si
535 2303 622 2386 fugit
637 2313 771 2367 nostrae
787 2301 938 2366 convivia
954 2319 1089 2365 mensae

362 2407 512 2490 ignotum
528 2409 668 2489 cupiens
683 2427 769 2470 vana
785 2406 897 2487 puella
912 2415 1030 2480 torum,

316 2510 476 2575 sollicitus
493 2520 642 2592 repetam
659 2520 729 2574 tota
745 2509 888 2591 suspiria
903 2518 1011 2572 nocte.

359 2626 396 2679 tu
412 2635 496 2696 puer
511 2615 531 2689 i,
549 2614 708 2696 liquidum
725 2614 845 2676 fortius
861 2612 947 2676 adde
964 2615 1103 2676 merum.

217 2711 220 2718 ’
315 2719 522 2783 iamdudum
541 2717 638 2802 Syrio
656 2717 865 2781 madefactus
880 2726 1033 2797 tempora
1049 2713 1154 2779 nardo

360 2821 540 2885 debueram
557 2820 653 2885 sertis
668 2819 870 2903 implicuisse
886 2838 1008 2883 comas.
