2908 4284
238 258 351 325 1‚8,60]
701 261 872 311 rrovnnvs

231 445 263 492 60
361 439 395 492 et
411 427 550 510 strepitu
567 428 659 490 nullo
676 427 761 490 clam
778 446 926 490 reserare
941 426 1042 491 iores.

319 532 399 616 quid
416 542 555 613 prosunt
570 542 668 606 artes,
686 532 841 594 miserum
859 532 887 594 si
903 531 1031 612 spernit
1045 539 1214 595 amantem

363 647 396 700 et
412 635 499 717 fugit
515 655 556 698 ex
571 634 644 717 ipso
661 654 762 698 saeva
777 634 889 717 puella
905 632 999 697 toro?

319 741 373 805 vel
389 760 463 804 cum
480 738 653 822 promittit,
670 737 780 802 subito
797 737 855 801 sed
873 737 998 820 perfida
1014 737 1109 814 fallit,

363 831 414 908 est
427 844 508 906 mihi
524 863 590 907 nox
605 841 717 906 multis
734 841 922 922 evigilanda
939 840 1042 904 malis.

232 961 263 1028 65
318 948 397 1012 dum
415 947 496 1011 mihi
511 956 685 1011 venturam
704 947 804 1026 fingo,
823 944 1057 1026 quodcumque
1073 953 1235 1024 movetur,

362 1051 450 1115 illius
465 1050 565 1115 credo
581 1060 661 1114 tunc
678 1048 830 1112 sonuisse
848 1047 972 1130 pedes!

318 1155 460 1219 desistas
476 1154 659 1230 lacrimare,
678 1174 777 1236 puer:
803 1173 869 1216 non
887 1153 1052 1233 frangitur
1068 1151 1132 1228 illa,

363 1267 397 1322 et
411 1268 469 1323 tua
484 1259 551 1322 iarn
566 1259 646 1322 fletu
664 1258 788 1320 lumina
805 1258 896 1321 fessa
911 1267 1050 1320 tument.

319 1363 471 1438 oderunt,
489 1363 622 1438 Pholoe,
640 1382 770 1438 moneo,
788 1361 923 1425 fastidia
938 1361 1015 1438 divi,

231 1492 265 1544 70
360 1486 422 1530 nec
439 1467 575 1550 prodest
591 1468 715 1529 sanctis
732 1477 806 1530 tura
822 1465 954 1530 dedisse
969 1465 1063 1530 iocis.

320 1569 374 1633 hic
391 1571 567 1634 Marathus
582 1570 751 1653 quondam
768 1569 906 1635 miseros
923 1570 1057 1633 ludebat
1072 1578 1235 1646 amantes,

364 1675 495 1738 nescius
511 1675 651 1738 ultorem
670 1685 746 1756 post
761 1684 863 1755 caput
879 1694 953 1738 esse
969 1674 1087 1737 deum:

320 1796 422 1860 saepe
437 1777 537 1842 etiarn
554 1778 707 1841 lacrimas
724 1779 831 1841 fertur
848 1779 959 1841 risisse
975 1777 1119 1841 dolentis

295 1863 992 1964 &mmmmmmt

231 2009 263 2065 75
318 2005 407 2049 nunc
423 2005 539 2048 omnes
555 1985 625 2048 odit
640 1986 758 2060 fastus,
775 2005 865 2048 nunc
881 1984 1035 2068 displicet
1051 1983 1098 2048 illi

363 2108 593 2172 quaecumque
610 2089 764 2172 opposita
780 2099 832 2152 est
847 2087 947 2160 ianua
962 2088 1045 2152 dura
1061 2107 1143 2153 sera.

320 2200 355 2255 at
369 2201 402 2257 te
419 2211 528 2274 poena
544 2201 666 2268 manet,
684 2194 718 2255 ni
733 2192 858 2256 desinis
875 2211 949 2256 esse
965 2192 1120 2274 superba.

363 2315 464 2380 quarn
480 2294 595 2378 cupies
610 2295 697 2361 votis
713 2296 802 2359 hunc
819 2314 975 2360 revocare
989 2295 1096 2360 diem!

771 2539 800 2632 9

320 2703 410 2788 Quid
427 2703 517 2779 mihi,
534 2705 563 2768 si
578 2705 692 2770 fueras
709 2705 845 2769 miseros
863 2706 1012 2770 laesurus
1028 2726 1167 2783 amores,

363 2808 500 2872 foedera
516 2827 576 2889 per
591 2808 695 2884 divos,
713 2808 798 2872 clam
816 2809 979 2885 violanda,
996 2809 1125 2872 dabas?

320 2931 340 2974 a
356 2912 464 2986 miser,
482 2919 516 2974 et
531 2910 559 2974 si
574 2912 648 2992 quis
666 2912 772 2993 primo
789 2912 933 2992 periuria
948 2913 1042 2989 celat,

364 3034 437 3078 sera
452 3023 565 3077 tamen
581 3013 692 3078 tacitis
708 3034 817 3095 poena
832 3017 924 3078 venit
939 3017 1087 3098 pedibus.

233 3142 246 3197 ς
321 3117 456 3197 parcite,
473 3117 653 3181 caelestes:
677 3138 821 3201 aequum
836 3129 889 3183 est
903 3120 1040 3201 impune
1057 3121 1155 3186 licere

364 3220 500 3284 numina
516 3221 674 3284 formosis
690 3221 823 3286 laedere
838 3232 949 3286 vestra
965 3223 1077 3286 semel.

321 3323 412 3387 lucra
429 3333 547 3407 petens
564 3324 666 3388 habili
682 3336 795 3390 tauros
812 3326 962 3409 adiungit
977 3336 1086 3390 aratro

308 3441 309 3444 ’
363 3437 397 3492 et
413 3427 532 3491 durum
548 3438 656 3493 terrae
672 3431 815 3494 rusticus
831 3441 929 3512 urget
943 3451 1038 3514 opus,

319 3532 410 3594 luera
425 3531 587 3613 petituras
603 3532 690 3595 freta
708 3552 767 3613 per
783 3533 933 3617 parentia
947 3531 1057 3598 ventis

232 3663 262 3700 ιο
360 3635 487 3698 ducunt
502 3634 674 3698 instabiles
691 3636 799 3699 sidera
815 3646 905 3699 certa
921 3646 1029 3700 rates:

751 3745 809 3806 128
