<?xml version="1.0" encoding="UTF-8"?>
<!DOCTYPE html PUBLIC "-//W3C//DTD XHTML 1.0 Transitional//EN"
    "http://www.w3.org/TR/xhtml1/DTD/xhtml1-transitional.dtd">
<html xmlns="http://www.w3.org/1999/xhtml" xml:lang="en" lang="en">
 <head>
  <title>
</title>
<meta http-equiv="Content-Type" content="text/html;charset=utf-8" />
  <meta name='ocr-system' content='tesseract 3.04.00' />
  <meta name='ocr-capabilities' content='ocr_page ocr_carea ocr_par ocr_line ocrx_word'/>
</head>
<body>
  <div class='ocr_page' id='page_1' title='image "./elegiesalbiusti00smitgoog_0157.png"; bbox 0 0 2908 4284; ppageno 0'>
   <div class='ocr_carea' id='block_1_1' title="bbox 241 269 877 338">
    <p class='ocr_par' dir='ltr' id='par_1_1' title="bbox 241 269 877 338">
     <span class='ocr_line' id='line_1_1' title="bbox 241 269 877 338; baseline 0 -18"><span class='ocrx_word' id='word_1_1' title='bbox 241 285 265 338; x_wconf 76' lang='lat'><strong>3,</strong></span> <span class='ocrx_word' id='word_1_2' title='bbox 278 285 300 335; x_wconf 88' lang='lat'><strong>3,</strong></span> <span class='ocrx_word' id='word_1_3' title='bbox 312 269 358 336; x_wconf 85' lang='lat'><strong>26]</strong></span> <span class='ocrx_word' id='word_1_4' title='bbox 707 271 877 320; x_wconf 90' lang='lat' dir='ltr'>TIBVLLVS</span> 
     </span>
    </p>
   </div>
   <div class='ocr_carea' id='block_1_2' title="bbox 327 434 1193 1759">
    <p class='ocr_par' dir='ltr' id='par_1_2' title="bbox 371 434 1093 518">
     <span class='ocr_line' id='line_1_2' title="bbox 371 434 1093 518; baseline -0.001 -19"><span class='ocrx_word' id='word_1_5' title='bbox 371 456 392 499; x_wconf 92' lang='lat'>0</span> <span class='ocrx_word' id='word_1_6' title='bbox 407 434 487 498; x_wconf 93' lang='lat' dir='ltr'><strong>mihi</strong></span> <span class='ocrx_word' id='word_1_7' title='bbox 503 436 635 499; x_wconf 83' lang='lat' dir='ltr'><strong>felicem</strong></span> <span class='ocrx_word' id='word_1_8' title='bbox 652 446 768 518; x_wconf 87' lang='lat' dir='ltr'><strong>terque</strong></span> <span class='ocrx_word' id='word_1_9' title='bbox 785 445 967 518; x_wconf 86' lang='lat' dir='ltr'><strong>quaterque</strong></span> <span class='ocrx_word' id='word_1_10' title='bbox 984 435 1093 500; x_wconf 83' lang='lat' dir='ltr'><strong>diem!</strong></span> 
     </span>
    </p>

    <p class='ocr_par' dir='ltr' id='par_1_3' title="bbox 328 539 1151 717">
     <span class='ocr_line' id='line_1_3' title="bbox 328 539 1151 621; baseline -0.005 -17"><span class='ocrx_word' id='word_1_11' title='bbox 328 548 362 604; x_wconf 86' lang='lat' dir='ltr'><strong>at</strong></span> <span class='ocrx_word' id='word_1_12' title='bbox 377 541 414 616; x_wconf 89' lang='lat' dir='ltr'><strong>si,</strong></span> <span class='ocrx_word' id='word_1_13' title='bbox 433 558 493 620; x_wconf 91' lang='lat' dir='ltr'><strong>pro</strong></span> <span class='ocrx_word' id='word_1_14' title='bbox 509 539 597 602; x_wconf 93' lang='lat' dir='ltr'><strong>dulci</strong></span> <span class='ocrx_word' id='word_1_15' title='bbox 612 539 720 602; x_wconf 90' lang='lat' dir='ltr'><strong>reditu</strong></span> <span class='ocrx_word' id='word_1_16' title='bbox 736 558 966 621; x_wconf 91' lang='lat' dir='ltr'><strong>quaecumque</strong></span> <span class='ocrx_word' id='word_1_17' title='bbox 981 548 1151 614; x_wconf 85' lang='lat' dir='ltr'><strong>voventur,</strong></span> 
     </span>
     <span class='ocr_line' id='line_1_4' title="bbox 370 642 1011 717; baseline -0.002 -11"><span class='ocrx_word' id='word_1_18' title='bbox 370 643 484 707; x_wconf 87' lang='lat' dir='ltr'><strong>audiat</strong></span> <span class='ocrx_word' id='word_1_19' title='bbox 500 663 616 705; x_wconf 92' lang='lat' dir='ltr'><strong>aversa</strong></span> <span class='ocrx_word' id='word_1_20' title='bbox 632 662 698 706; x_wconf 91' lang='lat' dir='ltr'><strong>non</strong></span> <span class='ocrx_word' id='word_1_21' title='bbox 715 661 809 705; x_wconf 91' lang='lat' dir='ltr'><strong>meus</strong></span> <span class='ocrx_word' id='word_1_22' title='bbox 825 662 904 706; x_wconf 88' lang='lat' dir='ltr'><strong>aure</strong></span> <span class='ocrx_word' id='word_1_23' title='bbox 919 642 1011 717; x_wconf 80' lang='lat' dir='ltr'><strong>deuS,</strong></span> 
     </span>
    </p>

    <p class='ocr_par' dir='ltr' id='par_1_4' title="bbox 327 745 1193 933">
     <span class='ocr_line' id='line_1_5' title="bbox 327 745 1193 829; baseline -0.003 -18"><span class='ocrx_word' id='word_1_24' title='bbox 327 768 389 812; x_wconf 89' lang='lat' dir='ltr'><strong>nec</strong></span> <span class='ocrx_word' id='word_1_25' title='bbox 405 767 458 811; x_wconf 90' lang='lat' dir='ltr'><strong>me</strong></span> <span class='ocrx_word' id='word_1_26' title='bbox 474 766 579 828; x_wconf 89' lang='lat' dir='ltr'><strong>regna</strong></span> <span class='ocrx_word' id='word_1_27' title='bbox 594 747 710 809; x_wconf 91' lang='lat' dir='ltr'><strong>iuvant</strong></span> <span class='ocrx_word' id='word_1_28' title='bbox 725 764 786 808; x_wconf 91' lang='lat' dir='ltr'><strong>nec</strong></span> <span class='ocrx_word' id='word_1_29' title='bbox 805 745 931 829; x_wconf 91' lang='lat' dir='ltr'><strong>Lydius</strong></span> <span class='ocrx_word' id='word_1_30' title='bbox 947 746 1070 808; x_wconf 85' lang='lat' dir='ltr'><strong>aurifer</strong></span> <span class='ocrx_word' id='word_1_31' title='bbox 1085 746 1193 818; x_wconf 89' lang='lat' dir='ltr'><strong>amnis</strong></span> 
     </span>
     <span class='ocr_line' id='line_1_6' title="bbox 370 847 1077 933; baseline -0.006 -18"><span class='ocrx_word' id='word_1_32' title='bbox 370 871 431 915; x_wconf 91' lang='lat' dir='ltr'><strong>nec</strong></span> <span class='ocrx_word' id='word_1_33' title='bbox 447 870 530 933; x_wconf 91' lang='lat' dir='ltr'><strong>quas</strong></span> <span class='ocrx_word' id='word_1_34' title='bbox 546 859 709 912; x_wconf 86' lang='lat' dir='ltr'><strong>terrarum</strong></span> <span class='ocrx_word' id='word_1_35' title='bbox 725 847 868 911; x_wconf 89' lang='lat' dir='ltr'><strong>sustinet</strong></span> <span class='ocrx_word' id='word_1_36' title='bbox 882 848 970 912; x_wconf 93' lang='lat' dir='ltr'><strong>orbis</strong></span> <span class='ocrx_word' id='word_1_37' title='bbox 987 868 1077 930; x_wconf 87' lang='lat' dir='ltr'><strong>opes.</strong></span> 
     </span>
    </p>

    <p class='ocr_par' dir='ltr' id='par_1_5' title="bbox 328 951 1142 1138">
     <span class='ocr_line' id='line_1_7' title="bbox 328 951 1142 1034; baseline -0.002 -16"><span class='ocrx_word' id='word_1_38' title='bbox 328 956 411 1018; x_wconf 92' lang='lat' dir='ltr'><strong>haec</strong></span> <span class='ocrx_word' id='word_1_39' title='bbox 427 955 482 1017; x_wconf 89' lang='lat' dir='ltr'><strong>alii</strong></span> <span class='ocrx_word' id='word_1_40' title='bbox 498 953 651 1034; x_wconf 89' lang='lat' dir='ltr'><strong>cupiant;</strong></span> <span class='ocrx_word' id='word_1_41' title='bbox 678 951 775 1014; x_wconf 91' lang='lat' dir='ltr'><strong>liceat</strong></span> <span class='ocrx_word' id='word_1_42' title='bbox 792 951 872 1013; x_wconf 93' lang='lat' dir='ltr'><strong>mihi</strong></span> <span class='ocrx_word' id='word_1_43' title='bbox 888 971 1035 1033; x_wconf 89' lang='lat' dir='ltr'><strong>paupere</strong></span> <span class='ocrx_word' id='word_1_44' title='bbox 1050 952 1142 1016; x_wconf 94' lang='lat' dir='ltr'><strong>cultu</strong></span> 
     </span>
     <span class='ocr_line' id='line_1_8' title="bbox 371 1055 942 1138; baseline -0.005 -17"><span class='ocrx_word' id='word_1_45' title='bbox 371 1078 487 1122; x_wconf 90' lang='lat' dir='ltr'><strong>securo</strong></span> <span class='ocrx_word' id='word_1_46' title='bbox 502 1077 580 1120; x_wconf 89' lang='lat' dir='ltr'><strong>cara</strong></span> <span class='ocrx_word' id='word_1_47' title='bbox 595 1055 737 1137; x_wconf 83' lang='lat' dir='ltr'><strong>coniuge</strong></span> <span class='ocrx_word' id='word_1_48' title='bbox 752 1075 851 1138; x_wconf 92' lang='lat' dir='ltr'><strong>posse</strong></span> <span class='ocrx_word' id='word_1_49' title='bbox 867 1056 942 1120; x_wconf 77' lang='lat' dir='ltr'><strong>frui.</strong></span> 
     </span>
    </p>

    <p class='ocr_par' dir='ltr' id='par_1_6' title="bbox 327 1160 1040 1348">
     <span class='ocr_line' id='line_1_9' title="bbox 327 1160 1040 1236; baseline -0.006 -10"><span class='ocrx_word' id='word_1_50' title='bbox 327 1162 417 1226; x_wconf 89' lang='lat' dir='ltr'><strong>adsis</strong></span> <span class='ocrx_word' id='word_1_51' title='bbox 432 1171 466 1224; x_wconf 89' lang='lat' dir='ltr'><strong>et</strong></span> <span class='ocrx_word' id='word_1_52' title='bbox 479 1161 603 1225; x_wconf 92' lang='lat' dir='ltr'><strong>timidis</strong></span> <span class='ocrx_word' id='word_1_53' title='bbox 618 1161 744 1236; x_wconf 85' lang='lat' dir='ltr'><strong>faveas,</strong></span> <span class='ocrx_word' id='word_1_54' title='bbox 763 1160 928 1236; x_wconf 90' lang='lat' dir='ltr'><strong>Saturnia,</strong></span> <span class='ocrx_word' id='word_1_55' title='bbox 944 1162 1040 1235; x_wconf 88' lang='lat' dir='ltr'><strong>votis,</strong></span> 
     </span>
     <span class='ocr_line' id='line_1_10' title="bbox 371 1265 1038 1348; baseline -0.001 -20"><span class='ocrx_word' id='word_1_56' title='bbox 371 1274 404 1328; x_wconf 95' lang='lat' dir='ltr'><strong>et</strong></span> <span class='ocrx_word' id='word_1_57' title='bbox 420 1266 535 1327; x_wconf 85' lang='lat' dir='ltr'><strong>faveas</strong></span> <span class='ocrx_word' id='word_1_58' title='bbox 551 1265 689 1339; x_wconf 82' lang='lat' dir='ltr'><strong>concha,</strong></span> <span class='ocrx_word' id='word_1_59' title='bbox 707 1265 842 1348; x_wconf 89' lang='lat' dir='ltr'><strong>Cypria,</strong></span> <span class='ocrx_word' id='word_1_60' title='bbox 860 1274 957 1327; x_wconf 90' lang='lat' dir='ltr'><strong>vecta</strong></span> <span class='ocrx_word' id='word_1_61' title='bbox 972 1274 1038 1328; x_wconf 91' lang='lat' dir='ltr'><strong>tua.</strong></span> 
     </span>
    </p>

    <p class='ocr_par' dir='ltr' id='par_1_7' title="bbox 327 1367 1183 1553">
     <span class='ocr_line' id='line_1_11' title="bbox 327 1367 1153 1450; baseline 0 -18"><span class='ocrx_word' id='word_1_62' title='bbox 327 1378 384 1432; x_wconf 90' lang='lat' dir='ltr'><strong>aut</strong></span> <span class='ocrx_word' id='word_1_63' title='bbox 400 1368 427 1431; x_wconf 90' lang='lat' dir='ltr'><strong>si</strong></span> <span class='ocrx_word' id='word_1_64' title='bbox 442 1369 515 1431; x_wconf 81' lang='lat' dir='ltr'><strong>iata</strong></span> <span class='ocrx_word' id='word_1_65' title='bbox 529 1377 656 1449; x_wconf 87' lang='lat' dir='ltr'><strong>negant</strong></span> <span class='ocrx_word' id='word_1_66' title='bbox 671 1367 812 1430; x_wconf 90' lang='lat' dir='ltr'><strong>reditum</strong></span> <span class='ocrx_word' id='word_1_67' title='bbox 829 1369 1007 1450; x_wconf 85' lang='lat' dir='ltr'><strong>tristesque</strong></span> <span class='ocrx_word' id='word_1_68' title='bbox 1023 1387 1153 1432; x_wconf 93' lang='lat' dir='ltr'><strong>sorores</strong></span> 
     </span>
     <span class='ocr_line' id='line_1_12' title="bbox 371 1471 1183 1553; baseline 0 -19"><span class='ocrx_word' id='word_1_69' title='bbox 371 1473 513 1534; x_wconf 90' lang='lat' dir='ltr'><strong>stamina</strong></span> <span class='ocrx_word' id='word_1_70' title='bbox 529 1491 616 1552; x_wconf 91' lang='lat' dir='ltr'><strong>quae</strong></span> <span class='ocrx_word' id='word_1_71' title='bbox 631 1472 758 1534; x_wconf 92' lang='lat' dir='ltr'><strong>ducunt</strong></span> <span class='ocrx_word' id='word_1_72' title='bbox 774 1490 925 1553; x_wconf 88' lang='lat' dir='ltr'><strong>quaeque</strong></span> <span class='ocrx_word' id='word_1_73' title='bbox 942 1471 1055 1533; x_wconf 83' lang='lat' dir='ltr'><strong>lutura</strong></span> <span class='ocrx_word' id='word_1_74' title='bbox 1070 1478 1183 1547; x_wconf 83' lang='lat' dir='ltr'><strong>neunt,</strong></span> 
     </span>
    </p>

    <p class='ocr_par' dir='ltr' id='par_1_8' title="bbox 328 1572 1186 1759">
     <span class='ocr_line' id='line_1_13' title="bbox 328 1572 1186 1656; baseline -0.003 -18"><span class='ocrx_word' id='word_1_75' title='bbox 328 1595 381 1638; x_wconf 94' lang='lat' dir='ltr'><strong>me</strong></span> <span class='ocrx_word' id='word_1_76' title='bbox 397 1584 493 1638; x_wconf 92' lang='lat' dir='ltr'><strong>vocet</strong></span> <span class='ocrx_word' id='word_1_77' title='bbox 508 1575 542 1636; x_wconf 91' lang='lat' dir='ltr'><strong>in</strong></span> <span class='ocrx_word' id='word_1_78' title='bbox 557 1583 669 1637; x_wconf 91' lang='lat' dir='ltr'><strong>vastos</strong></span> <span class='ocrx_word' id='word_1_79' title='bbox 685 1594 801 1636; x_wconf 88' lang='lat' dir='ltr'><strong>amnes</strong></span> <span class='ocrx_word' id='word_1_80' title='bbox 817 1575 1013 1656; x_wconf 88' lang='lat' dir='ltr'><strong>nigramque</strong></span> <span class='ocrx_word' id='word_1_81' title='bbox 1029 1572 1186 1653; x_wconf 86' lang='lat' dir='ltr'><strong>paludem</strong></span> 
     </span>
     <span class='ocr_line' id='line_1_14' title="bbox 370 1677 1030 1759; baseline -0.005 -18"><span class='ocrx_word' id='word_1_82' title='bbox 370 1678 463 1741; x_wconf 90' lang='lat' dir='ltr'><strong>dives</strong></span> <span class='ocrx_word' id='word_1_83' title='bbox 479 1678 513 1739; x_wconf 91' lang='lat' dir='ltr'><strong>in</strong></span> <span class='ocrx_word' id='word_1_84' title='bbox 529 1677 652 1758; x_wconf 86' lang='lat' dir='ltr'><strong>ignava</strong></span> <span class='ocrx_word' id='word_1_85' title='bbox 668 1677 793 1740; x_wconf 91' lang='lat' dir='ltr'><strong>luridus</strong></span> <span class='ocrx_word' id='word_1_86' title='bbox 810 1677 919 1742; x_wconf 91' lang='lat' dir='ltr'><strong>Orcus</strong></span> <span class='ocrx_word' id='word_1_87' title='bbox 935 1695 1030 1759; x_wconf 88' lang='lat' dir='ltr'><strong>aqua.</strong></span> 
     </span>
    </p>
   </div>
   <div class='ocr_carea' id='block_1_3' title="bbox 776 1926 809 2015">
    <p class='ocr_par' dir='ltr' id='par_1_9' title="bbox 776 1926 809 2015">
     <span class='ocr_line' id='line_1_15' title="bbox 776 1926 809 2015; baseline 0 0"><span class='ocrx_word' id='word_1_88' title='bbox 776 1926 809 2015; x_wconf 84' lang='lat'>4</span> 
     </span>
    </p>
   </div>
   <div class='ocr_carea' id='block_1_4' title="bbox 238 2089 1215 3826">
    <p class='ocr_par' dir='ltr' id='par_1_10' title="bbox 330 2089 1206 2276">
     <span class='ocr_line' id='line_1_16' title="bbox 330 2089 1206 2166; baseline 0 -13"><span class='ocrx_word' id='word_1_89' title='bbox 330 2091 374 2153; x_wconf 94' lang='lat' dir='ltr'><strong>Di</strong></span> <span class='ocrx_word' id='word_1_90' title='bbox 392 2090 527 2155; x_wconf 89' lang='lat' dir='ltr'><strong>meliora</strong></span> <span class='ocrx_word' id='word_1_91' title='bbox 542 2091 661 2166; x_wconf 85' lang='lat' dir='ltr'><strong>ferant,</strong></span> <span class='ocrx_word' id='word_1_92' title='bbox 680 2110 742 2153; x_wconf 90' lang='lat' dir='ltr'><strong>nec</strong></span> <span class='ocrx_word' id='word_1_93' title='bbox 758 2090 825 2153; x_wconf 91' lang='lat' dir='ltr'><strong>sint</strong></span> <span class='ocrx_word' id='word_1_94' title='bbox 841 2089 920 2152; x_wconf 94' lang='lat' dir='ltr'><strong>mihi</strong></span> <span class='ocrx_word' id='word_1_95' title='bbox 936 2089 1064 2154; x_wconf 88' lang='lat' dir='ltr'><strong>somnia</strong></span> <span class='ocrx_word' id='word_1_96' title='bbox 1079 2108 1160 2153; x_wconf 89' lang='lat' dir='ltr'><strong>vera</strong></span> <span class='ocrx_word' id='word_1_97' title='bbox 1205 2159 1206 2164; x_wconf 8' lang='grc' dir='ltr'>γ</span> 
     </span>
     <span class='ocr_line' id='line_1_17' title="bbox 371 2192 1118 2276; baseline -0.004 -19"><span class='ocrx_word' id='word_1_98' title='bbox 371 2214 456 2276; x_wconf 91' lang='lat' dir='ltr'><strong>quae</strong></span> <span class='ocrx_word' id='word_1_99' title='bbox 473 2193 547 2257; x_wconf 92' lang='lat' dir='ltr'><strong>tulit</strong></span> <span class='ocrx_word' id='word_1_100' title='bbox 563 2194 720 2256; x_wconf 88' lang='lat' dir='ltr'><strong>hesterna</strong></span> <span class='ocrx_word' id='word_1_101' title='bbox 736 2193 881 2274; x_wconf 89' lang='lat' dir='ltr'><strong>pessima</strong></span> <span class='ocrx_word' id='word_1_102' title='bbox 900 2203 997 2257; x_wconf 91' lang='lat' dir='ltr'><strong>nocte</strong></span> <span class='ocrx_word' id='word_1_103' title='bbox 1013 2192 1118 2275; x_wconf 89' lang='lat' dir='ltr'><strong>quies.</strong></span> 
     </span>
    </p>

    <p class='ocr_par' dir='ltr' id='par_1_11' title="bbox 327 2296 1120 2482">
     <span class='ocr_line' id='line_1_18' title="bbox 327 2296 1120 2379; baseline -0.004 -19"><span class='ocrx_word' id='word_1_104' title='bbox 327 2299 372 2362; x_wconf 92' lang='lat' dir='ltr'><strong>ite</strong></span> <span class='ocrx_word' id='word_1_105' title='bbox 389 2296 512 2379; x_wconf 89' lang='lat' dir='ltr'><strong>procul,</strong></span> <span class='ocrx_word' id='word_1_106' title='bbox 529 2296 615 2371; x_wconf 85' lang='lat' dir='ltr'><strong>vani,</strong></span> <span class='ocrx_word' id='word_1_107' title='bbox 632 2296 823 2378; x_wconf 85' lang='lat' dir='ltr'><strong>falsumque</strong></span> <span class='ocrx_word' id='word_1_108' title='bbox 839 2298 977 2361; x_wconf 90' lang='lat' dir='ltr'><strong>avertite</strong></span> <span class='ocrx_word' id='word_1_109' title='bbox 993 2296 1120 2359; x_wconf 88' lang='lat' dir='ltr'><strong>visum:</strong></span> 
     </span>
     <span class='ocr_line' id='line_1_19' title="bbox 371 2400 1073 2482; baseline -0.001 -19"><span class='ocrx_word' id='word_1_110' title='bbox 371 2400 512 2464; x_wconf 89' lang='lat' dir='ltr'><strong>desinite</strong></span> <span class='ocrx_word' id='word_1_111' title='bbox 525 2402 560 2462; x_wconf 91' lang='lat' dir='ltr'><strong>in</strong></span> <span class='ocrx_word' id='word_1_112' title='bbox 576 2400 671 2463; x_wconf 91' lang='lat' dir='ltr'><strong>nobis</strong></span> <span class='ocrx_word' id='word_1_113' title='bbox 688 2419 848 2482; x_wconf 89' lang='lat' dir='ltr'><strong>quaerere</strong></span> <span class='ocrx_word' id='word_1_114' title='bbox 862 2400 949 2463; x_wconf 91' lang='lat' dir='ltr'><strong>velle</strong></span> <span class='ocrx_word' id='word_1_115' title='bbox 966 2400 1073 2463; x_wconf 88' lang='lat' dir='ltr'><strong>fidem.</strong></span> 
     </span>
    </p>

    <p class='ocr_par' dir='ltr' id='par_1_12' title="bbox 329 2503 1093 2688">
     <span class='ocr_line' id='line_1_20' title="bbox 329 2503 1075 2578; baseline -0.001 -11"><span class='ocrx_word' id='word_1_116' title='bbox 329 2503 396 2567; x_wconf 89' lang='lat' dir='ltr'><strong>divi</strong></span> <span class='ocrx_word' id='word_1_117' title='bbox 410 2523 489 2566; x_wconf 88' lang='lat' dir='ltr'><strong>vera</strong></span> <span class='ocrx_word' id='word_1_118' title='bbox 505 2513 651 2578; x_wconf 90' lang='lat' dir='ltr'><strong>monent,</strong></span> <span class='ocrx_word' id='word_1_119' title='bbox 667 2513 828 2566; x_wconf 91' lang='lat' dir='ltr'><strong>venturae</strong></span> <span class='ocrx_word' id='word_1_120' title='bbox 845 2504 961 2566; x_wconf 89' lang='lat' dir='ltr'><strong>nuntia</strong></span> <span class='ocrx_word' id='word_1_121' title='bbox 977 2504 1075 2567; x_wconf 87' lang='lat' dir='ltr'><strong>sortis</strong></span> 
     </span>
     <span class='ocr_line' id='line_1_21' title="bbox 371 2606 1093 2688; baseline 0 -18"><span class='ocrx_word' id='word_1_122' title='bbox 371 2627 449 2670; x_wconf 90' lang='lat' dir='ltr'><strong>vera</strong></span> <span class='ocrx_word' id='word_1_123' title='bbox 465 2616 600 2670; x_wconf 91' lang='lat' dir='ltr'><strong>monent</strong></span> <span class='ocrx_word' id='word_1_124' title='bbox 616 2606 734 2669; x_wconf 88' lang='lat' dir='ltr'><strong>Tuscis</strong></span> <span class='ocrx_word' id='word_1_125' title='bbox 750 2617 826 2670; x_wconf 91' lang='lat' dir='ltr'><strong>exta</strong></span> <span class='ocrx_word' id='word_1_126' title='bbox 842 2607 980 2688; x_wconf 92' lang='lat' dir='ltr'><strong>probata</strong></span> <span class='ocrx_word' id='word_1_127' title='bbox 995 2607 1093 2670; x_wconf 91' lang='lat' dir='ltr'><strong>viris:</strong></span> 
     </span>
    </p>

    <p class='ocr_par' dir='ltr' id='par_1_13' title="bbox 328 2709 1078 2895">
     <span class='ocr_line' id='line_1_22' title="bbox 328 2709 1024 2774; baseline -0.001 0"><span class='ocrx_word' id='word_1_128' title='bbox 328 2710 456 2774; x_wconf 89' lang='lat' dir='ltr'><strong>somnia</strong></span> <span class='ocrx_word' id='word_1_129' title='bbox 472 2709 583 2772; x_wconf 79' lang='lat' dir='ltr'><strong>fallaci</strong></span> <span class='ocrx_word' id='word_1_130' title='bbox 599 2709 717 2772; x_wconf 93' lang='lat' dir='ltr'><strong>ludunt</strong></span> <span class='ocrx_word' id='word_1_131' title='bbox 733 2711 910 2773; x_wconf 91' lang='lat' dir='ltr'><strong>temeraria</strong></span> <span class='ocrx_word' id='word_1_132' title='bbox 925 2719 1024 2774; x_wconf 89' lang='lat' dir='ltr'><strong>nocte</strong></span> 
     </span>
     <span class='ocr_line' id='line_1_23' title="bbox 371 2813 1078 2895; baseline 0 -19"><span class='ocrx_word' id='word_1_133' title='bbox 371 2823 405 2876; x_wconf 93' lang='lat' dir='ltr'><strong>et</strong></span> <span class='ocrx_word' id='word_1_134' title='bbox 421 2814 557 2895; x_wconf 92' lang='lat' dir='ltr'><strong>pavidas</strong></span> <span class='ocrx_word' id='word_1_135' title='bbox 574 2822 703 2875; x_wconf 89' lang='lat' dir='ltr'><strong>mentes</strong></span> <span class='ocrx_word' id='word_1_136' title='bbox 720 2813 807 2876; x_wconf 85' lang='lat' dir='ltr'><strong>falsa</strong></span> <span class='ocrx_word' id='word_1_137' title='bbox 822 2815 938 2876; x_wconf 90' lang='lat' dir='ltr'><strong>timere</strong></span> <span class='ocrx_word' id='word_1_138' title='bbox 954 2814 1078 2877; x_wconf 90' lang='lat' dir='ltr'><strong>iubent.</strong></span> 
     </span>
    </p>

    <p class='ocr_par' dir='ltr' id='par_1_14' title="bbox 328 2916 1215 3101">
     <span class='ocr_line' id='line_1_24' title="bbox 328 2916 1215 2998; baseline 0 -18"><span class='ocrx_word' id='word_1_139' title='bbox 328 2928 362 2981; x_wconf 93' lang='lat' dir='ltr'><strong>et</strong></span> <span class='ocrx_word' id='word_1_140' title='bbox 378 2925 491 2979; x_wconf 90' lang='lat' dir='ltr'><strong>natum</strong></span> <span class='ocrx_word' id='word_1_141' title='bbox 507 2917 540 2978; x_wconf 93' lang='lat' dir='ltr'><strong>in</strong></span> <span class='ocrx_word' id='word_1_142' title='bbox 557 2916 654 2979; x_wconf 90' lang='lat' dir='ltr'><strong>curas</strong></span> <span class='ocrx_word' id='word_1_143' title='bbox 670 2917 841 2979; x_wconf 90' lang='lat' dir='ltr'><strong>hominum</strong></span> <span class='ocrx_word' id='word_1_144' title='bbox 858 2937 965 2998; x_wconf 83' lang='lat' dir='ltr'><strong>genus</strong></span> <span class='ocrx_word' id='word_1_145' title='bbox 981 2917 1093 2980; x_wconf 90' lang='lat' dir='ltr'><strong>omina</strong></span> <span class='ocrx_word' id='word_1_146' title='bbox 1107 2916 1215 2981; x_wconf 90' lang='lat' dir='ltr'><strong>noctis</strong></span> 
     </span>
     <span class='ocr_line' id='line_1_25' title="bbox 370 3018 995 3101; baseline -0.002 -19"><span class='ocrx_word' id='word_1_147' title='bbox 370 3021 458 3082; x_wconf 80' lang='lat' dir='ltr'><strong>farre</strong></span> <span class='ocrx_word' id='word_1_148' title='bbox 476 3021 530 3101; x_wconf 94' lang='lat' dir='ltr'><strong>pio</strong></span> <span class='ocrx_word' id='word_1_149' title='bbox 547 3020 682 3100; x_wconf 88' lang='lat' dir='ltr'><strong>placant</strong></span> <span class='ocrx_word' id='word_1_150' title='bbox 698 3029 731 3082; x_wconf 92' lang='lat' dir='ltr'><strong>et</strong></span> <span class='ocrx_word' id='word_1_151' title='bbox 747 3020 887 3083; x_wconf 87' lang='lat' dir='ltr'><strong>saliente</strong></span> <span class='ocrx_word' id='word_1_152' title='bbox 902 3018 995 3088; x_wconf 86' lang='lat' dir='ltr'><strong>sale?</strong></span> 
     </span>
    </p>

    <p class='ocr_par' dir='ltr' id='par_1_15' title="bbox 238 3122 1166 3204">
     <span class='ocr_line' id='line_1_26' title="bbox 238 3122 1166 3204; baseline -0.003 -17"><span class='ocrx_word' id='word_1_153' title='bbox 238 3197 239 3200; x_wconf 8' lang='grc' dir='ltr'><strong>Ἴ</strong></span> <span class='ocrx_word' id='word_1_154' title='bbox 328 3133 362 3187; x_wconf 92' lang='lat' dir='ltr'><strong>et</strong></span> <span class='ocrx_word' id='word_1_155' title='bbox 377 3133 499 3197; x_wconf 86' lang='lat' dir='ltr'><strong>tamen,</strong></span> <span class='ocrx_word' id='word_1_156' title='bbox 517 3132 696 3204; x_wconf 89' lang='lat' dir='ltr'><strong>utcumque</strong></span> <span class='ocrx_word' id='word_1_157' title='bbox 711 3132 770 3194; x_wconf 88' lang='lat' dir='ltr'><strong>est,</strong></span> <span class='ocrx_word' id='word_1_158' title='bbox 789 3122 859 3187; x_wconf 89' lang='lat' dir='ltr'><strong>sive</strong></span> <span class='ocrx_word' id='word_1_159' title='bbox 874 3123 921 3186; x_wconf 95' lang='lat' dir='ltr'><strong>illi</strong></span> <span class='ocrx_word' id='word_1_160' title='bbox 935 3143 1014 3186; x_wconf 88' lang='lat' dir='ltr'><strong>vera</strong></span> <span class='ocrx_word' id='word_1_161' title='bbox 1030 3123 1166 3198; x_wconf 87' lang='lat' dir='ltr'><strong>moneri,</strong></span> 
     </span>
    </p>

    <p class='ocr_par' dir='ltr' id='par_1_16' title="bbox 373 3225 1029 3302">
     <span class='ocr_line' id='line_1_27' title="bbox 373 3225 1029 3302; baseline -0.002 -13"><span class='ocrx_word' id='word_1_162' title='bbox 373 3226 523 3289; x_wconf 87' lang='lat' dir='ltr'><strong>mendaci</strong></span> <span class='ocrx_word' id='word_1_163' title='bbox 539 3245 656 3289; x_wconf 93' lang='lat' dir='ltr'><strong>somno</strong></span> <span class='ocrx_word' id='word_1_164' title='bbox 672 3225 807 3289; x_wconf 90' lang='lat' dir='ltr'><strong>credere</strong></span> <span class='ocrx_word' id='word_1_165' title='bbox 824 3228 893 3290; x_wconf 91' lang='lat' dir='ltr'><strong>sive</strong></span> <span class='ocrx_word' id='word_1_166' title='bbox 908 3226 1029 3302; x_wconf 93' lang='lat' dir='ltr'><strong>volent,</strong></span> 
     </span>
    </p>

    <p class='ocr_par' dir='ltr' id='par_1_17' title="bbox 328 3329 1092 3513">
     <span class='ocr_line' id='line_1_28' title="bbox 328 3329 987 3397; baseline -0.002 -4"><span class='ocrx_word' id='word_1_167' title='bbox 328 3329 450 3394; x_wconf 89' lang='lat' dir='ltr'><strong>efficiat</strong></span> <span class='ocrx_word' id='word_1_168' title='bbox 464 3349 569 3393; x_wconf 89' lang='lat' dir='ltr'><strong>vanos</strong></span> <span class='ocrx_word' id='word_1_169' title='bbox 584 3330 691 3397; x_wconf 86' lang='lat' dir='ltr'><strong>noctis</strong></span> <span class='ocrx_word' id='word_1_170' title='bbox 709 3329 837 3392; x_wconf 90' lang='lat' dir='ltr'><strong>Lucina</strong></span> <span class='ocrx_word' id='word_1_171' title='bbox 852 3331 987 3392; x_wconf 91' lang='lat' dir='ltr'><strong>timores</strong></span> 
     </span>
     <span class='ocr_line' id='line_1_29' title="bbox 371 3431 1092 3513; baseline -0.001 -16"><span class='ocrx_word' id='word_1_172' title='bbox 371 3443 405 3497; x_wconf 94' lang='lat' dir='ltr'><strong>et</strong></span> <span class='ocrx_word' id='word_1_173' title='bbox 420 3434 544 3496; x_wconf 77' lang='lat' dir='ltr'><strong>frustra</strong></span> <span class='ocrx_word' id='word_1_174' title='bbox 562 3431 760 3494; x_wconf 91' lang='lat' dir='ltr'><strong>immeritum</strong></span> <span class='ocrx_word' id='word_1_175' title='bbox 778 3432 987 3513; x_wconf 89' lang='lat' dir='ltr'><strong>pertimuisse</strong></span> <span class='ocrx_word' id='word_1_176' title='bbox 1002 3432 1092 3510; x_wconf 80' lang='lat' dir='ltr'><strong>velit,</strong></span> 
     </span>
    </p>

    <p class='ocr_par' dir='ltr' id='par_1_18' title="bbox 326 3535 1067 3719">
     <span class='ocr_line' id='line_1_30' title="bbox 326 3535 1067 3615; baseline 0 -16"><span class='ocrx_word' id='word_1_177' title='bbox 326 3538 356 3600; x_wconf 92' lang='lat' dir='ltr'><strong>si</strong></span> <span class='ocrx_word' id='word_1_178' title='bbox 372 3556 445 3599; x_wconf 90' lang='lat' dir='ltr'><strong>mea</strong></span> <span class='ocrx_word' id='word_1_179' title='bbox 460 3555 521 3598; x_wconf 90' lang='lat' dir='ltr'><strong>nec</strong></span> <span class='ocrx_word' id='word_1_180' title='bbox 537 3535 627 3615; x_wconf 90' lang='lat' dir='ltr'><strong>turpi</strong></span> <span class='ocrx_word' id='word_1_181' title='bbox 643 3553 737 3598; x_wconf 91' lang='lat' dir='ltr'><strong>mens</strong></span> <span class='ocrx_word' id='word_1_182' title='bbox 753 3544 803 3597; x_wconf 91' lang='lat' dir='ltr'><strong>est</strong></span> <span class='ocrx_word' id='word_1_183' title='bbox 819 3536 961 3598; x_wconf 87' lang='lat' dir='ltr'><strong>obnoxia</strong></span> <span class='ocrx_word' id='word_1_184' title='bbox 976 3535 1067 3599; x_wconf 85' lang='lat' dir='ltr'><strong>lacto</strong></span> 
     </span>
     <span class='ocr_line' id='line_1_31' title="bbox 372 3637 1051 3719; baseline 0.003 -18"><span class='ocrx_word' id='word_1_185' title='bbox 372 3659 434 3703; x_wconf 88' lang='lat' dir='ltr'><strong>nec</strong></span> <span class='ocrx_word' id='word_1_186' title='bbox 450 3638 545 3702; x_wconf 88' lang='lat' dir='ltr'><strong>laesit</strong></span> <span class='ocrx_word' id='word_1_187' title='bbox 561 3657 700 3718; x_wconf 88' lang='lat' dir='ltr'><strong>magnos</strong></span> <span class='ocrx_word' id='word_1_188' title='bbox 715 3638 818 3719; x_wconf 90' lang='lat' dir='ltr'><strong>impia</strong></span> <span class='ocrx_word' id='word_1_189' title='bbox 833 3637 947 3719; x_wconf 86' lang='lat' dir='ltr'><strong>lingua</strong></span> <span class='ocrx_word' id='word_1_190' title='bbox 962 3639 1051 3704; x_wconf 91' lang='lat' dir='ltr'><strong>deos.</strong></span> 
     </span>
    </p>

    <p class='ocr_par' dir='ltr' id='par_1_19' title="bbox 730 3756 788 3826">
     <span class='ocr_line' id='line_1_32' title="bbox 730 3756 788 3826; baseline 0 -22"><span class='ocrx_word' id='word_1_191' title='bbox 730 3756 788 3826; x_wconf 84' lang='lat'><strong>152</strong></span> 
     </span>
    </p>
   </div>
   <div class='ocr_carea' id='block_1_5' title="bbox 0 0 1462 4276">
    <p class='ocr_par' dir='ltr' id='par_1_20' title="bbox 0 0 1462 4276">
     <span class='ocr_line' id='line_1_33' title="bbox 0 0 1462 4276; baseline 0 0"><span class='ocrx_word' id='word_1_192' title='bbox 0 0 1462 4276; x_wconf 95' lang='lat' dir='ltr'><strong> </strong></span> 
     </span>
    </p>
   </div>
  </div>
 </body>
</html>
