2908 4284
694 270 864 322 'l'IBVLLVS

765 480 790 576 7

315 643 417 706 Hunc
434 643 584 708 cecinere
600 643 687 708 diem
706 644 828 708 Parcae
844 644 961 708 fatalia
976 652 1094 707 nentes

357 746 499 810 stamina
515 767 582 810 non
598 747 656 810 ulli
671 748 886 811 dissoluenda
902 748 984 811 deo:

312 850 403 913 hunc
418 851 492 913 fore
507 850 697 932 Aquitanas
714 861 828 934 posset
843 852 901 933 qui
917 850 1058 915 fundere
1074 861 1202 933 gentes,

357 973 454 1035 quem
471 963 630 1018 tremeret
645 954 724 1018 forti
740 955 842 1018 milite
859 957 966 1018 victus
983 943 1083 1019 Atax.

243 1081 257 1136 5
312 1076 473 1120 evenere:
496 1077 601 1120 novos
619 1057 724 1138 pubes
745 1058 897 1121 Romana
915 1058 1100 1141 triumphos

357 1160 439 1224 vidit
453 1169 487 1224 et
502 1161 652 1224 evinctos
667 1160 823 1224 bracchia
839 1172 938 1244 capta
954 1163 1074 1226 duces:

313 1273 348 1328 at
362 1273 396 1328 te
411 1265 564 1327 victrices
581 1265 700 1339 lauros,
721 1265 888 1340 Messalla,
906 1276 1078 1347 gerentem

357 1367 511 1450 portabat
527 1368 631 1430 niveis
648 1387 763 1431 currus
781 1369 927 1432 eburnus
943 1371 1046 1451 equis.

312 1492 381 1535 non
397 1473 469 1536 sine
485 1492 538 1536 me
553 1482 604 1536 est
619 1473 679 1536 tibi
696 1483 810 1555 partus
828 1473 953 1536 honos:
977 1472 1134 1537 Tarbella
1150 1474 1282 1558 Pyrene

228 1601 258 1638 ιο
356 1577 450 1639 testis
465 1585 499 1638 et
514 1577 643 1640 Oceani
662 1577 757 1641 litora
774 1577 955 1652 Santonici,

313 1678 407 1743 testis
424 1679 512 1744 Arar
530 1679 783 1762 Rhodanusque
801 1680 889 1742 celer
904 1699 1113 1762 magnusque
1129 1680 1313 1760 Garumna,

358 1782 512 1847 Carnutis
528 1792 562 1846 et
577 1782 661 1846 flavi*
673 1784 805 1847 caerula
822 1783 959 1868 lympha
977 1783 1087 1864 Liger.
1249 1782 1251 1784 ’

313 1904 355 1948 an
372 1895 414 1960 te,
433 1885 559 1971 Cydne,
577 1905 705 1963 canam,
724 1887 831 1950 tacitis
849 1889 905 1969 qui
922 1886 1039 1950 leniter
1055 1887 1152 1951 undis

356 1989 528 2052 caeruleus
545 1989 684 2072 placidis
701 2010 761 2072 per
776 1991 863 2054 vada
879 1991 984 2074 serpis
1001 1991 1104 2072 aquis,

227 2117 257 2172 ις
312 2103 456 2176 quantus
472 2103 506 2158 et
521 2094 669 2157 aetherio
686 2094 886 2174 contingens
902 2095 1025 2157 vertice
1042 2094 1148 2159 nubes

356 2197 498 2278 frigidus
513 2199 665 2261 intonsos
682 2199 814 2260 Taurus
831 2197 898 2261 alat
908 2197 1056 2262 Cilicas?

313 2299 392 2382 quid
408 2300 552 2364 referam
568 2311 606 2364 ut
621 2301 736 2364 volitet
753 2300 885 2364 crebras
901 2301 1025 2364 intacta
1042 2321 1102 2383 per
1117 2301 1216 2367 urbes

356 2405 432 2470 alba
449 2405 635 2470 Palaestino
652 2416 768 2469 sancta
783 2403 937 2468 columba
955 2405 1050 2489 Syro,

313 2519 415 2592 utque
431 2509 531 2573 maris
546 2519 677 2573 vastum
696 2507 1047 2591 prospectetturribus
1063 2527 1187 2590 aequor

226 2639 257 2676 ιο
356 2615 462 2696 prima
477 2622 583 2677 ratem
598 2614 707 2676 ventis
725 2611 860 2675 credere
878 2611 976 2674 docta
991 2613 1109 2697 Tyros,

312 2717 418 2800 qualis
434 2727 476 2792 et,
494 2726 625 2781 arentes
641 2736 716 2786 cum
735 2714 830 2778 findit
847 2714 951 2779 Sirius
968 2735 1075 2796 agros,

357 2820 473 2884 fertilis
491 2821 617 2884 aestiva
635 2820 732 2883 Nilus
750 2818 898 2882 abundet
913 2818 1023 2900 aqua?
1172 2809 1175 2815 ’

315 2925 392 2988 Nile
408 2935 512 3005 pater,
530 2943 674 3006 quanam
692 2923 815 3005 possim
834 2933 867 2986 te
883 2922 993 2986 dicere
1009 2942 1110 2986 causa

356 3026 550 3109 aut'quibus
566 3026 599 3089 in
615 3029 711 3090 terris
728 3026 912 3090 occuluisse
929 3025 1051 3108 caput?

225 3156 256 3211 ²5
310 3140 344 3195 te
361 3140 497 3214 propter
512 3130 621 3194 nullos
638 3130 736 3193 tellus
753 3139 810 3193 tua
827 3130 973 3212 postulat
988 3129 1120 3205 imbres,

355 3235 447 3298 arida
462 3254 525 3297 nec
542 3233 654 3316 pluvio
670 3234 837 3316 supplicat
854 3233 957 3297 herba
976 3233 1055 3296 Iovi.

312 3348 345 3403 te
361 3339 449 3401 canit
466 3348 565 3418 atque
582 3357 679 3399 suum
696 3337 802 3419 pubes
819 3338 956 3399 miratur
972 3335 1097 3400 Osirim

355 3441 504 3515 barbara,
524 3439 733 3521 Memphiten
751 3440 910 3522 plangere
927 3439 1025 3504 docta
1041 3439 1170 3503 bovem.

312 3543 438 3627 primus
454 3553 562 3606 aratra
579 3563 680 3606 manu
697 3543 822 3606 sollerti
838 3543 918 3606 iecit
935 3543 1042 3607 Osiris

225 3677 256 3728 30
354 3657 387 3711 et
403 3657 551 3710 teneram
568 3647 658 3710 ferro
676 3645 864 3710 sollicitavit
880 3646 1027 3723 humum,

747 3776 807 3838 124
