2908 4284
248 263 306 313 2,1,
320 247 364 315 57]
718 251 887 301 TIBVLLVS

330 414 407 477 huic
422 415 520 478 datus
536 435 555 478 a
571 415 681 497 pleno,
698 415 913 480 memorabile
930 436 1061 492 munus
1078 417 1156 481 ovili

373 517 440 579 dux
456 517 585 598 pecoris
601 528 712 581 curtas
728 528 865 583 auxerat
883 519 994 582 hircus
1010 540 1101 601 opes.

330 641 405 684 rure
422 640 505 703 puer
520 606 624 685 verno
642 622 785 703 primum
802 623 844 685 de
861 622 942 686 flore
958 643 1115 687 coronam

241 738 273 788 60
372 724 453 788 lecit
469 734 501 788 et
517 724 662 809 antiquis
678 727 837 807 imposuit
855 726 1005 790 Laribus.

329 848 405 891 rure
420 829 520 892 etiam
537 829 660 892 teneris
676 849 789 892 curam
808 830 994 894 exhibitura
1011 831 1130 914 puellis

374 931 472 994 molle
487 933 574 1013 gerit
589 940 684 1014 tergo
699 932 810 995 lucida
827 933 933 997 vellus
949 937 1029 999 ovis.

329 1035 407 1098 hinc
422 1045 456 1099 et
471 1035 636 1098 femineus
653 1036 746 1101 labor
762 1045 822 1111 est,
840 1036 917 1102 hinc
935 1058 1040 1120 pensa
1055 1040 1225 1123 colusque,

372 1139 469 1201 lusus
484 1147 519 1201 et
534 1139 686 1220 apposito
703 1140 823 1220 pollice
840 1152 952 1206 versat
967 1164 1068 1224 opus:

240 1255 271 1321 65
331 1251 431 1324 atque
446 1241 557 1326 aliqua
572 1241 731 1308 adsiduae
747 1246 867 1309 textrix
881 1257 1018 1328 operata
1035 1247 1209 1311 Minervae

372 1355 494 1422 cantat,
511 1356 545 1408 et
561 1347 724 1427 applauso
739 1350 807 1412 tela
822 1359 919 1413 sonat
935 1351 1047 1414 latere.

328 1450 400 1531 ipse
415 1469 548 1533 quoque
564 1449 650 1513 inter
668 1471 767 1533 agros
784 1453 933 1536 interque
950 1465 1100 1519 armenta
1118 1455 1251 1537 Cupido

372 1561 469 1616 natus
485 1563 520 1616 et
534 1554 714 1618 indomitas
731 1557 851 1620 dicitur
866 1557 953 1622 inter
967 1578 1080 1640 equas.

327 1656 393 1721 illic
409 1659 543 1722 indocto
559 1660 702 1741 primum
722 1681 757 1725 se
773 1663 919 1725 exercuit
935 1682 1032 1726 arcu:

241 1789 272 1838 70
370 1761 400 1825 ei
417 1762 506 1838 mihi,
524 1784 624 1845 quam
643 1765 758 1829 doctas
776 1785 863 1829 nunc
880 1765 981 1828 habet
996 1765 1050 1828 ille
1067 1767 1205 1829 manusl

328 1887 390 1931 nec
406 1869 561 1950 pecudes,
580 1869 671 1932 velut
687 1880 774 1944 ante,
793 1871 896 1950 petit:
921 1869 1032 1932 fixisse
1047 1868 1176 1950 puellas

372 1973 521 2053 gestitet
537 1973 681 2036 audaces
699 1973 927 2054 perdomuisse
944 1972 1041 2036 viros.

328 2077 380 2140 hic
396 2078 508 2140 iuveni
524 2078 666 2141 detraxit
682 2097 772 2158 opes,
791 2075 844 2140 hic
861 2077 971 2139 dicere
986 2075 1081 2140 iussit

370 2181 470 2244 limen
487 2181 529 2244 ad
544 2182 649 2244 iratae
666 2179 766 2244 verba
782 2180 939 2261 pudenda
956 2198 1089 2242 senem:

239 2310 270 2364 75
326 2285 389 2349 hoc
405 2286 489 2350 duce
506 2285 662 2349 custodes
680 2283 794 2347 furtim
813 2292 1023 2364 transgressa
1038 2284 1186 2346 iacentes

370 2389 412 2452 ad
428 2388 581 2452 iuvenem
599 2388 745 2452 tenebris
762 2387 832 2450 sola
849 2386 960 2468 puella
975 2387 1066 2449 venit

326 2501 360 2556 et
375 2491 516 2574 pedibus
532 2500 755 2574 praetemptat
767 2492 830 2554 iter
845 2509 1009 2571 suspensa
1023 2489 1150 2566 timore,

369 2597 519 2677 explorat
534 2615 651 2659 caecas
667 2597 720 2659 cui
736 2614 855 2657 manus
871 2603 948 2657 ante
963 2594 1043 2656 vias.

325 2719 345 2762 a
361 2699 480 2775 miseri,
498 2719 581 2782 quos
598 2701 651 2763 hic
668 2698 814 2781 graviter
830 2698 912 2761 deus
928 2697 1043 2777 urget!
1068 2680 1172 2760 atille

237 2816 270 2866 80
366 2804 456 2878 felix,
473 2805 525 2867 cui
543 2804 692 2884 placidus
709 2804 827 2867 leniter
842 2793 944 2867 adflat
960 2803 1076 2865 Amor.

326 2918 449 2982 sancte,
465 2907 543 2970 veni
558 2907 699 2987 dapibus
711 2908 817 2983 festis,
835 2908 898 2981 sed
911 2925 998 2988 pone
1014 2904 1153 2986 sagittas

369 3019 403 3074 et
419 3012 533 3091 procul
548 3010 704 3074 ardentes
720 3010 797 3073 hinc
815 3030 932 3092 precor
947 3009 1033 3073 abde
1049 3009 1151 3072 faces.

325 3134 384 3178 vos
400 3114 564 3178 celebrem
581 3123 713 3178 cantate
729 3114 827 3177 deum
847 3114 1023 3196 pecorique
1040 3121 1156 3176 vocate

367 3237 468 3281 voce:
493 3215 602 3299 palam
620 3218 740 3299 pecori,
758 3218 843 3281 clam
861 3217 923 3280 sibi
938 3218 1079 3299 quisque
1096 3223 1202 3279 vocet.

134 3383 141 3394 ,
237 3333 269 3400 85
324 3321 497 3384 autetiam
514 3321 576 3384 sibi
592 3321 732 3403 quisque
748 3322 878 3402 palam:
902 3341 980 3383 nam
997 3319 1094 3383 turba
1110 3320 1223 3383 iocosa

368 3425 531 3506 obstrepit
547 3434 580 3487 et
597 3425 743 3508 Phrygio
758 3423 839 3487 tibia
855 3444 957 3487 curva
973 3444 1066 3487 sono.

325 3529 446 3592 ludite:
471 3529 534 3591 iam
554 3529 629 3591 Nox
645 3527 752 3609 iungit
767 3548 880 3610 equos,
899 3546 1096 3609 currumque
1113 3536 1303 3610 sequuntur

369 3632 483 3696 matris
499 3631 621 3695 lascivo
637 3631 746 3696 sidera
762 3632 853 3695 fulva
868 3632 980 3708 choro,

757 3740 816 3817 136
