2908 4284
239 305 264 354 4,
276 303 298 348 2,
311 285 339 353 3]
703 289 873 339 rravmvs

321 454 384 516 hoc
400 452 516 516 Venus
532 453 702 533 ignoscet:
727 437 761 514 at
777 463 821 529 tu,
839 453 993 530 violente,
1011 461 1127 518 caveto

364 576 407 618 ne
423 557 482 617 tibi
498 557 630 618 miranti
646 558 786 637 turpiter
802 576 893 619 arma
910 558 1040 620 cadant.

250 682 263 736 ς
320 661 407 722 illius
423 681 463 722 ex
478 660 591 733 oculis,
609 680 684 722 cum
702 661 771 722 vult
786 680 923 723 exurere
939 661 1042 737 divoS,

363 763 515 827 accendit
531 762 681 844 geminas
698 763 871 844 lampadas
887 783 963 827 acer
979 765 1094 828 Amor.

320 867 420 942 illam,
436 866 596 949 quidquid
612 868 690 946 agit,
708 887 841 949 quoquo
856 867 997 948 vestigia
1014 869 1124 944 movit,

363 971 533 1052 componit
549 971 663 1032 furtim
681 971 959 1053 subsequiturque
976 971 1095 1034 Decor.

320 1094 378 1138 seu
395 1073 492 1137 solvit
508 1075 626 1149 crineS,
644 1074 728 1136 lusis
746 1073 843 1136 decet
858 1093 931 1136 esse
947 1073 1094 1154 capillis:

234 1205 264 1241 10
363 1197 421 1240 seu
438 1178 589 1258 compsit,
606 1178 752 1259 comptis
765 1187 816 1239 est
831 1178 1021 1240 veneranda
1037 1177 1151 1242 comis.

319 1281 394 1357 urit,
412 1300 469 1344 seu
485 1281 588 1365 Tyria
604 1281 708 1343 voluit
724 1281 902 1362 procedere
920 1280 1027 1362 palla:

363 1384 437 1460 urit,
455 1404 513 1447 seu
530 1386 627 1446 nivea
644 1385 785 1447 candida
802 1394 894 1447 veste
909 1383 1009 1447 venit.

319 1487 394 1552 talis
410 1488 444 1550 in
461 1497 596 1551 aeterno
612 1487 692 1550 felix
709 1488 915 1550 Vertumnus
932 1488 1080 1571 Olympo

363 1590 452 1655 mille
469 1591 569 1654 habet
584 1602 731 1665 ornatus,
748 1590 836 1654 mille
852 1591 1009 1654 decenter
1025 1591 1136 1656 habet.

234 1718 263 1774 15
320 1697 391 1761 sola
407 1696 591 1778 puellarum
608 1695 710 1776 digna
725 1705 776 1758 est
793 1695 847 1756 cui
862 1695 973 1757 mollia
988 1696 1073 1758 caris

362 1800 485 1864 vellera
500 1800 557 1862 det
572 1799 660 1862 sucis
676 1798 726 1861 bis
743 1799 933 1862 madefacta
948 1799 1067 1882 Tyros,

319 1904 554 1986 possideatque
581 1902 675 1965 metit
692 1901 851 1984 quidquid
868 1901 953 1964 bene
970 1901 1136 1965 olentibus
1152 1902 1240 1966 arvis

361 2007 467 2070 cultor
482 2007 639 2069 odoratae
655 2005 748 2068 dives
764 2005 876 2068 Arabs
893 2005 1016 2086 segetis

318 2120 352 2174 et
368 2129 595 2192 quascumque
611 2110 706 2190 niger
721 2110 820 2172 rubro
836 2108 878 2172 de
894 2108 988 2172 litore
1006 2128 1156 2190 gemmas

232 2240 264 2276 κο
361 2215 530 2295 proximus
547 2211 626 2276 Eois
642 2212 769 2293 colligit
786 2212 890 2274 Indus
906 2213 1011 2294 aquis.

319 2317 406 2380 hanc
420 2338 490 2393 vos,
508 2316 663 2391 Pierides,
680 2316 776 2378 festis
792 2323 924 2379 cantate
941 2315 1101 2391 kalendis

361 2428 396 2484 et
410 2420 597 2483 testudinea
614 2419 747 2483 Phoebe
764 2418 907 2500 superbe
924 2417 1004 2503 lyra.

318 2523 381 2587 hoc
398 2525 557 2587 sollemne
573 2542 703 2586 sacrum
721 2523 842 2586 multos
859 2523 942 2585 haec
959 2532 1067 2585 sumet
1084 2521 1119 2585 in
1134 2539 1263 2586 annos:

362 2627 493 2710 dignior
505 2637 557 2691 est
571 2635 682 2690 vestro
699 2626 790 2688 nulla
806 2625 923 2707 puella.
932 2625 1044 2690 choro.
1218 2620 1221 2628 ’

767 2881 793 2972 3

320 3051 422 3115 Parce
438 3071 513 3115 meo
528 3051 649 3125 iuveni,
666 3070 725 3114 seu
742 3047 816 3131 quis
831 3050 920 3112 bona
936 3067 1061 3131 pascua
1076 3047 1187 3132 campi

363 3175 420 3218 seu
437 3155 518 3218 colis
535 3153 680 3216 umbrosi
696 3153 793 3217 devia
809 3153 931 3216 montis
946 3172 1035 3234 aper,

319 3277 381 3321 nec
397 3257 456 3320 tibi
472 3258 514 3320 sit
530 3257 630 3320 duros
646 3257 774 3320 acuisse
789 3257 823 3318 in
841 3257 967 3338 proelia
982 3257 1119 3320 dentes:

363 3361 560 3423 incolumem
579 3369 690 3423 custos
708 3360 796 3423 hunc
812 3359 893 3421 mihi
909 3370 1018 3423 servet
1034 3360 1150 3425 Amor.

249 3486 263 3541 5
320 3465 378 3528 sed
396 3464 510 3546 procul
527 3462 661 3527 abducit
677 3464 820 3526 venandi
839 3463 936 3527 Delia
952 3483 1051 3526 eura:

363 3589 382 3630 o
399 3577 537 3648 pereant
552 3568 654 3630 silvae
670 3566 891 3648 deficiantque
907 3567 1028 3630 canes!

320 3673 392 3752 quis
407 3671 501 3734 furor
516 3679 576 3743 est,
594 3689 678 3751 quae
695 3689 799 3746 mens,
816 3669 939 3732 densos
954 3670 1112 3751 indagine
1128 3669 1233 3734 colles

754 3775 812 3836 166
