<?xml version="1.0" encoding="UTF-8"?>
<!DOCTYPE html PUBLIC "-//W3C//DTD XHTML 1.0 Transitional//EN"
    "http://www.w3.org/TR/xhtml1/DTD/xhtml1-transitional.dtd">
<html xmlns="http://www.w3.org/1999/xhtml" xml:lang="en" lang="en">
 <head>
  <title>
</title>
<meta http-equiv="Content-Type" content="text/html;charset=utf-8" />
  <meta name='ocr-system' content='tesseract 3.04.00' />
  <meta name='ocr-capabilities' content='ocr_page ocr_carea ocr_par ocr_line ocrx_word'/>
</head>
<body>
  <div class='ocr_page' id='page_1' title='image "./elegiesalbiusti00smitgoog_0128.png"; bbox 0 0 2908 4284; ppageno 0'>
   <div class='ocr_carea' id='block_1_1' title="bbox 549 283 807 333">
    <p class='ocr_par' dir='ltr' id='par_1_1' title="bbox 549 283 807 333">
     <span class='ocr_line' id='line_1_1' title="bbox 549 283 807 333; baseline 0.004 -1"><span class='ocrx_word' id='word_1_1' title='bbox 549 284 654 332; x_wconf 84' lang='lat' dir='ltr'>LIBER</span> <span class='ocrx_word' id='word_1_2' title='bbox 677 283 807 333; x_wconf 89' lang='lat' dir='ltr'>PRIMVS</span> 
     </span>
    </p>
   </div>
   <div class='ocr_carea' id='block_1_2' title="bbox 122 448 1148 944">
    <p class='ocr_par' dir='ltr' id='par_1_2' title="bbox 122 448 1148 944">
     <span class='ocr_line' id='line_1_2' title="bbox 214 448 1038 531; baseline -0.001 -19"><span class='ocrx_word' id='word_1_3' title='bbox 214 469 285 512; x_wconf 91' lang='lat' dir='ltr'>non</span> <span class='ocrx_word' id='word_1_4' title='bbox 300 469 363 530; x_wconf 89' lang='lat' dir='ltr'>ego</span> <span class='ocrx_word' id='word_1_5' title='bbox 379 459 412 513; x_wconf 92' lang='lat' dir='ltr'>te</span> <span class='ocrx_word' id='word_1_6' title='bbox 430 456 563 531; x_wconf 90' lang='lat' dir='ltr'>propter</span> <span class='ocrx_word' id='word_1_7' title='bbox 582 467 683 529; x_wconf 92' lang='lat' dir='ltr'>parco</span> <span class='ocrx_word' id='word_1_8' title='bbox 699 448 768 524; x_wconf 90' lang='lat' dir='ltr'>tibi,</span> <span class='ocrx_word' id='word_1_9' title='bbox 785 448 842 512; x_wconf 88' lang='lat' dir='ltr'>sed</span> <span class='ocrx_word' id='word_1_10' title='bbox 858 456 916 510; x_wconf 91' lang='lat' dir='ltr'>tua</span> <span class='ocrx_word' id='word_1_11' title='bbox 932 457 1038 512; x_wconf 89' lang='lat' dir='ltr'>mater</span> 
     </span>
     <span class='ocr_line' id='line_1_3' title="bbox 260 551 981 633; baseline 0 -19"><span class='ocrx_word' id='word_1_12' title='bbox 260 572 313 616; x_wconf 89' lang='lat' dir='ltr'>me</span> <span class='ocrx_word' id='word_1_13' title='bbox 329 562 439 616; x_wconf 90' lang='lat' dir='ltr'>movet</span> <span class='ocrx_word' id='word_1_14' title='bbox 455 561 555 633; x_wconf 90' lang='lat' dir='ltr'>atque</span> <span class='ocrx_word' id='word_1_15' title='bbox 570 553 637 614; x_wconf 91' lang='lat' dir='ltr'>iras</span> <span class='ocrx_word' id='word_1_16' title='bbox 653 571 754 615; x_wconf 89' lang='lat' dir='ltr'>aurea</span> <span class='ocrx_word' id='word_1_17' title='bbox 769 551 872 615; x_wconf 91' lang='lat' dir='ltr'>vincit</span> <span class='ocrx_word' id='word_1_18' title='bbox 886 571 981 614; x_wconf 91' lang='lat' dir='ltr'>auus.</span> 
     </span>
     <span class='ocr_line' id='line_1_4' title="bbox 216 654 1079 737; baseline -0.001 -18"><span class='ocrx_word' id='word_1_19' title='bbox 216 656 300 719; x_wconf 88' lang='lat' dir='ltr'>haec</span> <span class='ocrx_word' id='word_1_20' title='bbox 317 656 397 718; x_wconf 91' lang='lat' dir='ltr'>mihi</span> <span class='ocrx_word' id='word_1_21' title='bbox 412 665 445 718; x_wconf 92' lang='lat' dir='ltr'>te</span> <span class='ocrx_word' id='word_1_22' title='bbox 460 655 596 718; x_wconf 88' lang='lat' dir='ltr'>adducit</span> <span class='ocrx_word' id='word_1_23' title='bbox 611 654 758 718; x_wconf 87' lang='lat' dir='ltr'>tenebris</span> <span class='ocrx_word' id='word_1_24' title='bbox 774 656 945 737; x_wconf 90' lang='lat' dir='ltr'>multoque</span> <span class='ocrx_word' id='word_1_25' title='bbox 961 656 1079 718; x_wconf 89' lang='lat' dir='ltr'>timore</span> 
     </span>
     <span class='ocr_line' id='line_1_5' title="bbox 122 759 1018 840; baseline -0.003 -16"><span class='ocrx_word' id='word_1_26' title='bbox 122 772 158 824; x_wconf 85' lang='lat'>60</span> <span class='ocrx_word' id='word_1_27' title='bbox 259 760 432 840; x_wconf 90' lang='lat' dir='ltr'>coniungit</span> <span class='ocrx_word' id='word_1_28' title='bbox 448 768 579 822; x_wconf 87' lang='lat' dir='ltr'>nostras</span> <span class='ocrx_word' id='word_1_29' title='bbox 595 760 681 822; x_wconf 90' lang='lat' dir='ltr'>clam</span> <span class='ocrx_word' id='word_1_30' title='bbox 698 759 864 821; x_wconf 89' lang='lat' dir='ltr'>taciturna</span> <span class='ocrx_word' id='word_1_31' title='bbox 880 778 1018 822; x_wconf 90' lang='lat' dir='ltr'>manus:</span> 
     </span>
     <span class='ocr_line' id='line_1_6' title="bbox 216 861 1148 944; baseline -0.003 -18"><span class='ocrx_word' id='word_1_32' title='bbox 216 863 299 926; x_wconf 89' lang='lat' dir='ltr'>haec</span> <span class='ocrx_word' id='word_1_33' title='bbox 316 861 509 944; x_wconf 85' lang='lat' dir='ltr'>foribusque</span> <span class='ocrx_word' id='word_1_34' title='bbox 525 870 638 925; x_wconf 89' lang='lat' dir='ltr'>manet</span> <span class='ocrx_word' id='word_1_35' title='bbox 655 871 755 924; x_wconf 92' lang='lat' dir='ltr'>noctu</span> <span class='ocrx_word' id='word_1_36' title='bbox 772 881 825 925; x_wconf 88' lang='lat' dir='ltr'>me</span> <span class='ocrx_word' id='word_1_37' title='bbox 840 862 949 924; x_wconf 86' lang='lat' dir='ltr'>adfixa</span> <span class='ocrx_word' id='word_1_38' title='bbox 965 861 1148 944; x_wconf 88' lang='lat' dir='ltr'>proculque</span> 
     </span>
    </p>
   </div>
   <div class='ocr_carea' id='block_1_3' title="bbox 126 965 1158 3542">
    <p class='ocr_par' dir='ltr' id='par_1_3' title="bbox 126 965 1158 3542">
     <span class='ocr_line' id='line_1_7' title="bbox 261 965 998 1048; baseline -0.003 -18"><span class='ocrx_word' id='word_1_39' title='bbox 261 967 433 1047; x_wconf 88' lang='lat' dir='ltr'>cognoscit</span> <span class='ocrx_word' id='word_1_40' title='bbox 448 965 606 1047; x_wconf 90' lang='lat' dir='ltr'>strepitus</span> <span class='ocrx_word' id='word_1_41' title='bbox 623 985 676 1028; x_wconf 90' lang='lat' dir='ltr'>me</span> <span class='ocrx_word' id='word_1_42' title='bbox 691 965 848 1030; x_wconf 89' lang='lat' dir='ltr'>veniente</span> <span class='ocrx_word' id='word_1_43' title='bbox 863 965 998 1048; x_wconf 89' lang='lat' dir='ltr'>pedum.</span> 
     </span>
     <span class='ocr_line' id='line_1_8' title="bbox 216 1068 1103 1151; baseline -0.001 -19"><span class='ocrx_word' id='word_1_44' title='bbox 216 1069 291 1133; x_wconf 88' lang='lat' dir='ltr'>vive</span> <span class='ocrx_word' id='word_1_45' title='bbox 307 1069 363 1132; x_wconf 90' lang='lat' dir='ltr'>diu</span> <span class='ocrx_word' id='word_1_46' title='bbox 380 1069 468 1144; x_wconf 88' lang='lat' dir='ltr'>mihi,</span> <span class='ocrx_word' id='word_1_47' title='bbox 486 1068 592 1131; x_wconf 92' lang='lat' dir='ltr'>dulcis</span> <span class='ocrx_word' id='word_1_48' title='bbox 607 1088 710 1132; x_wconf 91' lang='lat' dir='ltr'>anus:</span> <span class='ocrx_word' id='word_1_49' title='bbox 736 1069 887 1151; x_wconf 90' lang='lat' dir='ltr'>proprios</span> <span class='ocrx_word' id='word_1_50' title='bbox 903 1088 966 1150; x_wconf 86' lang='lat' dir='ltr'>ego</span> <span class='ocrx_word' id='word_1_51' title='bbox 982 1079 1103 1144; x_wconf 84' lang='lat' dir='ltr'>tecum,</span> 
     </span>
     <span class='ocr_line' id='line_1_9' title="bbox 261 1172 978 1248; baseline 0.001 -13"><span class='ocrx_word' id='word_1_52' title='bbox 261 1173 302 1235; x_wconf 90' lang='lat' dir='ltr'>sit</span> <span class='ocrx_word' id='word_1_53' title='bbox 319 1173 417 1235; x_wconf 92' lang='lat' dir='ltr'>modo</span> <span class='ocrx_word' id='word_1_54' title='bbox 433 1172 495 1248; x_wconf 87' lang='lat' dir='ltr'>las,</span> <span class='ocrx_word' id='word_1_55' title='bbox 512 1191 617 1235; x_wconf 90' lang='lat' dir='ltr'>annos</span> <span class='ocrx_word' id='word_1_56' title='bbox 634 1172 853 1236; x_wconf 88' lang='lat' dir='ltr'>contribuisse</span> <span class='ocrx_word' id='word_1_57' title='bbox 870 1172 978 1236; x_wconf 90' lang='lat' dir='ltr'>velim.</span> 
     </span>
     <span class='ocr_line' id='line_1_10' title="bbox 126 1275 1057 1358; baseline -0.001 -19"><span class='ocrx_word' id='word_1_58' title='bbox 126 1289 159 1355; x_wconf 80' lang='lat'>65</span> <span class='ocrx_word' id='word_1_59' title='bbox 215 1290 249 1339; x_wconf 93' lang='lat' dir='ltr'>te</span> <span class='ocrx_word' id='word_1_60' title='bbox 266 1296 398 1357; x_wconf 86' lang='lat' dir='ltr'><strong>semper</strong></span> <span class='ocrx_word' id='word_1_61' title='bbox 413 1285 592 1357; x_wconf 90' lang='lat' dir='ltr'>natamque</span> <span class='ocrx_word' id='word_1_62' title='bbox 609 1285 700 1338; x_wconf 88' lang='lat' dir='ltr'>tuam</span> <span class='ocrx_word' id='word_1_63' title='bbox 716 1286 750 1339; x_wconf 87' lang='lat' dir='ltr'>te</span> <span class='ocrx_word' id='word_1_64' title='bbox 766 1286 902 1358; x_wconf 87' lang='lat' dir='ltr'>propter</span> <span class='ocrx_word' id='word_1_65' title='bbox 918 1275 1057 1339; x_wconf 90' lang='lat' dir='ltr'>amabo:</span> 
     </span>
     <span class='ocr_line' id='line_1_11' title="bbox 261 1366 1034 1462; baseline 0 -20"><span class='ocrx_word' id='word_1_66' title='bbox 261 1379 422 1461; x_wconf 91' lang='lat' dir='ltr'>quidquid</span> <span class='ocrx_word' id='word_1_67' title='bbox 437 1380 515 1460; x_wconf 87' lang='lat' dir='ltr'>agit,</span> <span class='ocrx_word' id='word_1_68' title='bbox 530 1381 666 1462; x_wconf 89' lang='lat' dir='ltr'>sanguis</span> <span class='ocrx_word' id='word_1_69' title='bbox 683 1389 861 1444; x_wconf 89' lang='lat' dir='ltr'>esttamen</span> <span class='ocrx_word' id='word_1_70' title='bbox 877 1380 933 1442; x_wconf 91' lang='lat' dir='ltr'>illa</span> <span class='ocrx_word' id='word_1_71' title='bbox 948 1366 1034 1442; x_wconf 87' lang='lat' dir='ltr'>tuus.</span> 
     </span>
     <span class='ocr_line' id='line_1_12' title="bbox 217 1482 1088 1565; baseline 0 -19"><span class='ocrx_word' id='word_1_72' title='bbox 217 1485 260 1546; x_wconf 93' lang='lat' dir='ltr'>sit</span> <span class='ocrx_word' id='word_1_73' title='bbox 276 1483 373 1546; x_wconf 91' lang='lat' dir='ltr'>modo</span> <span class='ocrx_word' id='word_1_74' title='bbox 389 1492 491 1558; x_wconf 87' lang='lat' dir='ltr'>casta,</span> <span class='ocrx_word' id='word_1_75' title='bbox 509 1482 601 1559; x_wconf 91' lang='lat' dir='ltr'>doce,</span> <span class='ocrx_word' id='word_1_76' title='bbox 619 1484 770 1565; x_wconf 91' lang='lat' dir='ltr'>quamvis</span> <span class='ocrx_word' id='word_1_77' title='bbox 786 1504 852 1547; x_wconf 93' lang='lat' dir='ltr'>non</span> <span class='ocrx_word' id='word_1_78' title='bbox 870 1485 951 1547; x_wconf 89' lang='lat' dir='ltr'>vitta</span> <span class='ocrx_word' id='word_1_79' title='bbox 968 1483 1088 1563; x_wconf 87' lang='lat' dir='ltr'>ligatos</span> 
     </span>
     <span class='ocr_line' id='line_1_13' title="bbox 261 1585 968 1668; baseline 0.003 -20"><span class='ocrx_word' id='word_1_80' title='bbox 261 1585 421 1668; x_wconf 88' lang='lat' dir='ltr'>impediat</span> <span class='ocrx_word' id='word_1_81' title='bbox 436 1586 543 1649; x_wconf 92' lang='lat' dir='ltr'>crines</span> <span class='ocrx_word' id='word_1_82' title='bbox 561 1606 622 1650; x_wconf 91' lang='lat' dir='ltr'>nec</span> <span class='ocrx_word' id='word_1_83' title='bbox 638 1587 723 1650; x_wconf 93' lang='lat' dir='ltr'>stola</span> <span class='ocrx_word' id='word_1_84' title='bbox 739 1588 840 1668; x_wconf 84' lang='lat' dir='ltr'>longa</span> <span class='ocrx_word' id='word_1_85' title='bbox 856 1587 968 1668; x_wconf 89' lang='lat' dir='ltr'>pedes.</span> 
     </span>
     <span class='ocr_line' id='line_1_14' title="bbox 218 1693 1011 1776; baseline 0 -20"><span class='ocrx_word' id='word_1_86' title='bbox 218 1703 251 1758; x_wconf 90' lang='lat' dir='ltr'>et</span> <span class='ocrx_word' id='word_1_87' title='bbox 268 1694 347 1756; x_wconf 92' lang='lat' dir='ltr'>mihi</span> <span class='ocrx_word' id='word_1_88' title='bbox 363 1693 429 1757; x_wconf 92' lang='lat' dir='ltr'>sint</span> <span class='ocrx_word' id='word_1_89' title='bbox 444 1695 546 1757; x_wconf 89' lang='lat' dir='ltr'>durae</span> <span class='ocrx_word' id='word_1_90' title='bbox 563 1694 663 1776; x_wconf 86' lang='lat' dir='ltr'>leges,</span> <span class='ocrx_word' id='word_1_91' title='bbox 682 1695 818 1758; x_wconf 89' lang='lat' dir='ltr'>laudare</span> <span class='ocrx_word' id='word_1_92' title='bbox 834 1713 895 1757; x_wconf 91' lang='lat' dir='ltr'>nec</span> <span class='ocrx_word' id='word_1_93' title='bbox 912 1693 1011 1756; x_wconf 91' lang='lat' dir='ltr'>ullam</span> 
     </span>
     <span class='ocr_line' id='line_1_15' title="bbox 128 1798 1042 1880; baseline 0.002 -20"><span class='ocrx_word' id='word_1_94' title='bbox 128 1823 161 1872; x_wconf 88' lang='lat'>70</span> <span class='ocrx_word' id='word_1_95' title='bbox 261 1799 385 1879; x_wconf 90' lang='lat' dir='ltr'>possim</span> <span class='ocrx_word' id='word_1_96' title='bbox 401 1817 464 1878; x_wconf 86' lang='lat' dir='ltr'>ego</span> <span class='ocrx_word' id='word_1_97' title='bbox 480 1799 561 1880; x_wconf 91' lang='lat' dir='ltr'>quin</span> <span class='ocrx_word' id='word_1_98' title='bbox 577 1798 691 1861; x_wconf 91' lang='lat' dir='ltr'>oculos</span> <span class='ocrx_word' id='word_1_99' title='bbox 707 1808 845 1880; x_wconf 89' lang='lat' dir='ltr'>appetat</span> <span class='ocrx_word' id='word_1_100' title='bbox 859 1798 915 1860; x_wconf 92' lang='lat' dir='ltr'>illa</span> <span class='ocrx_word' id='word_1_101' title='bbox 931 1817 1042 1862; x_wconf 90' lang='lat' dir='ltr'>meos:</span> 
     </span>
     <span class='ocr_line' id='line_1_16' title="bbox 218 1900 1014 1984; baseline 0.001 -21"><span class='ocrx_word' id='word_1_102' title='bbox 218 1911 252 1964; x_wconf 89' lang='lat' dir='ltr'>et</span> <span class='ocrx_word' id='word_1_103' title='bbox 268 1901 296 1963; x_wconf 95' lang='lat' dir='ltr'>si</span> <span class='ocrx_word' id='word_1_104' title='bbox 311 1901 389 1984; x_wconf 92' lang='lat' dir='ltr'>quid</span> <span class='ocrx_word' id='word_1_105' title='bbox 406 1921 563 1983; x_wconf 87' lang='lat' dir='ltr'>peccasse</span> <span class='ocrx_word' id='word_1_106' title='bbox 579 1910 684 1984; x_wconf 86' lang='lat' dir='ltr'>putet,</span> <span class='ocrx_word' id='word_1_107' title='bbox 702 1902 870 1984; x_wconf 85' lang='lat' dir='ltr'>ducarque</span> <span class='ocrx_word' id='word_1_108' title='bbox 886 1900 1014 1983; x_wconf 84' lang='lat' dir='ltr'>capillis</span> 
     </span>
     <span class='ocr_line' id='line_1_17' title="bbox 261 2005 905 2088; baseline 0.002 -21"><span class='ocrx_word' id='word_1_109' title='bbox 261 2005 425 2068; x_wconf 90' lang='lat' dir='ltr'>immerito</span> <span class='ocrx_word' id='word_1_110' title='bbox 442 2025 564 2088; x_wconf 88' lang='lat' dir='ltr'>pronas</span> <span class='ocrx_word' id='word_1_111' title='bbox 582 2007 810 2088; x_wconf 87' lang='lat' dir='ltr'>proripiarque</span> <span class='ocrx_word' id='word_1_112' title='bbox 825 2005 905 2069; x_wconf 90' lang='lat' dir='ltr'>vias.</span> 
     </span>
     <span class='ocr_line' id='line_1_18' title="bbox 218 2110 998 2192; baseline 0.003 -19"><span class='ocrx_word' id='word_1_113' title='bbox 218 2129 286 2173; x_wconf 90' lang='lat' dir='ltr'>non</span> <span class='ocrx_word' id='word_1_114' title='bbox 301 2129 365 2191; x_wconf 86' lang='lat' dir='ltr'>ego</span> <span class='ocrx_word' id='word_1_115' title='bbox 381 2120 413 2174; x_wconf 90' lang='lat' dir='ltr'>te</span> <span class='ocrx_word' id='word_1_116' title='bbox 430 2111 563 2192; x_wconf 91' lang='lat' dir='ltr'>pulsare</span> <span class='ocrx_word' id='word_1_117' title='bbox 580 2110 688 2186; x_wconf 87' lang='lat' dir='ltr'>velim,</span> <span class='ocrx_word' id='word_1_118' title='bbox 706 2110 775 2187; x_wconf 88' lang='lat' dir='ltr'>sed,</span> <span class='ocrx_word' id='word_1_119' title='bbox 791 2111 920 2175; x_wconf 87' lang='lat' dir='ltr'>venerit</span> <span class='ocrx_word' id='word_1_120' title='bbox 934 2111 998 2175; x_wconf 89' lang='lat' dir='ltr'>iste</span> 
     </span>
     <span class='ocr_line' id='line_1_19' title="bbox 263 2213 967 2296; baseline 0.003 -20"><span class='ocrx_word' id='word_1_121' title='bbox 263 2215 290 2276; x_wconf 95' lang='lat' dir='ltr'>si</span> <span class='ocrx_word' id='word_1_122' title='bbox 305 2214 407 2289; x_wconf 85' lang='lat' dir='ltr'>furor,</span> <span class='ocrx_word' id='word_1_123' title='bbox 424 2215 566 2296; x_wconf 89' lang='lat' dir='ltr'>optarim</span> <span class='ocrx_word' id='word_1_124' title='bbox 582 2234 650 2277; x_wconf 89' lang='lat' dir='ltr'>non</span> <span class='ocrx_word' id='word_1_125' title='bbox 667 2213 824 2278; x_wconf 89' lang='lat' dir='ltr'>habuisse</span> <span class='ocrx_word' id='word_1_126' title='bbox 839 2234 967 2278; x_wconf 89' lang='lat' dir='ltr'>manus.</span> 
     </span>
     <span class='ocr_line' id='line_1_20' title="bbox 128 2319 1007 2400; baseline 0 -15"><span class='ocrx_word' id='word_1_127' title='bbox 128 2345 162 2400; x_wconf 80' lang='lat'>75</span> <span class='ocrx_word' id='word_1_128' title='bbox 217 2341 279 2385; x_wconf 89' lang='lat' dir='ltr'>nec</span> <span class='ocrx_word' id='word_1_129' title='bbox 296 2342 395 2386; x_wconf 88' lang='lat' dir='ltr'>saevo</span> <span class='ocrx_word' id='word_1_130' title='bbox 412 2323 457 2386; x_wconf 89' lang='lat' dir='ltr'>sis</span> <span class='ocrx_word' id='word_1_131' title='bbox 472 2333 565 2386; x_wconf 89' lang='lat' dir='ltr'>casta</span> <span class='ocrx_word' id='word_1_132' title='bbox 581 2333 682 2398; x_wconf 88' lang='lat' dir='ltr'>metu,</span> <span class='ocrx_word' id='word_1_133' title='bbox 698 2322 757 2385; x_wconf 91' lang='lat' dir='ltr'>sed</span> <span class='ocrx_word' id='word_1_134' title='bbox 775 2331 884 2384; x_wconf 90' lang='lat' dir='ltr'>mente</span> <span class='ocrx_word' id='word_1_135' title='bbox 900 2319 1007 2385; x_wconf 88' lang='lat' dir='ltr'>fideli:</span> 
     </span>
     <span class='ocr_line' id='line_1_21' title="bbox 263 2426 930 2490; baseline -0.006 -2"><span class='ocrx_word' id='word_1_136' title='bbox 263 2436 396 2489; x_wconf 89' lang='lat' dir='ltr'>mutuus</span> <span class='ocrx_word' id='word_1_137' title='bbox 413 2426 542 2490; x_wconf 83' lang='lat' dir='ltr'>absenti</span> <span class='ocrx_word' id='word_1_138' title='bbox 557 2435 590 2489; x_wconf 92' lang='lat' dir='ltr'>te</span> <span class='ocrx_word' id='word_1_139' title='bbox 607 2426 688 2488; x_wconf 92' lang='lat' dir='ltr'>mihi</span> <span class='ocrx_word' id='word_1_140' title='bbox 704 2434 813 2489; x_wconf 88' lang='lat' dir='ltr'>servet</span> <span class='ocrx_word' id='word_1_141' title='bbox 828 2445 930 2488; x_wconf 90' lang='lat' dir='ltr'>amor.</span> 
     </span>
     <span class='ocr_line' id='line_1_22' title="bbox 218 2530 970 2611; baseline -0.003 -19"><span class='ocrx_word' id='word_1_142' title='bbox 218 2539 254 2592; x_wconf 89' lang='lat' dir='ltr'>at</span> <span class='ocrx_word' id='word_1_143' title='bbox 268 2548 354 2611; x_wconf 91' lang='lat' dir='ltr'>quae</span> <span class='ocrx_word' id='word_1_144' title='bbox 369 2530 436 2593; x_wconf 87' lang='lat' dir='ltr'>lida</span> <span class='ocrx_word' id='word_1_145' title='bbox 451 2530 516 2594; x_wconf 82' lang='lat' dir='ltr'>fuit</span> <span class='ocrx_word' id='word_1_146' title='bbox 531 2530 622 2605; x_wconf 86' lang='lat' dir='ltr'>nulli,</span> <span class='ocrx_word' id='word_1_147' title='bbox 640 2538 715 2611; x_wconf 91' lang='lat' dir='ltr'>post</span> <span class='ocrx_word' id='word_1_148' title='bbox 731 2531 819 2593; x_wconf 91' lang='lat' dir='ltr'>victa</span> <span class='ocrx_word' id='word_1_149' title='bbox 835 2537 970 2591; x_wconf 89' lang='lat' dir='ltr'>senecta</span> 
     </span>
     <span class='ocr_line' id='line_1_23' title="bbox 262 2633 998 2714; baseline -0.004 -18"><span class='ocrx_word' id='word_1_150' title='bbox 262 2633 353 2696; x_wconf 92' lang='lat' dir='ltr'>ducit</span> <span class='ocrx_word' id='word_1_151' title='bbox 367 2634 465 2714; x_wconf 91' lang='lat' dir='ltr'>inops</span> <span class='ocrx_word' id='word_1_152' title='bbox 480 2633 621 2697; x_wconf 88' lang='lat' dir='ltr'>tremula</span> <span class='ocrx_word' id='word_1_153' title='bbox 638 2634 779 2696; x_wconf 88' lang='lat' dir='ltr'>stamina</span> <span class='ocrx_word' id='word_1_154' title='bbox 795 2640 881 2696; x_wconf 91' lang='lat' dir='ltr'>torta</span> <span class='ocrx_word' id='word_1_155' title='bbox 897 2650 998 2693; x_wconf 90' lang='lat' dir='ltr'>manu</span> 
     </span>
     <span class='ocr_line' id='line_1_24' title="bbox 219 2735 910 2818; baseline 0 -20"><span class='ocrx_word' id='word_1_156' title='bbox 219 2736 378 2818; x_wconf 90' lang='lat' dir='ltr'>firmaque</span> <span class='ocrx_word' id='word_1_157' title='bbox 394 2736 568 2800; x_wconf 90' lang='lat' dir='ltr'>conductis</span> <span class='ocrx_word' id='word_1_158' title='bbox 584 2736 731 2800; x_wconf 88' lang='lat' dir='ltr'>adnectit</span> <span class='ocrx_word' id='word_1_159' title='bbox 746 2736 821 2798; x_wconf 91' lang='lat' dir='ltr'>licia</span> <span class='ocrx_word' id='word_1_160' title='bbox 836 2735 910 2799; x_wconf 90' lang='lat' dir='ltr'>telis</span> 
     </span>
     <span class='ocr_line' id='line_1_25' title="bbox 129 2839 976 2921; baseline 0 -19"><span class='ocrx_word' id='word_1_161' title='bbox 129 2851 162 2902; x_wconf 89' lang='lat'>80</span> <span class='ocrx_word' id='word_1_162' title='bbox 261 2849 431 2921; x_wconf 89' lang='lat' dir='ltr'>tractaque</span> <span class='ocrx_word' id='word_1_163' title='bbox 447 2840 489 2904; x_wconf 92' lang='lat' dir='ltr'>de</span> <span class='ocrx_word' id='word_1_164' title='bbox 505 2839 602 2903; x_wconf 86' lang='lat' dir='ltr'>niveo</span> <span class='ocrx_word' id='word_1_165' title='bbox 617 2839 740 2903; x_wconf 89' lang='lat' dir='ltr'>vellere</span> <span class='ocrx_word' id='word_1_166' title='bbox 756 2839 856 2902; x_wconf 94' lang='lat' dir='ltr'>ducta</span> <span class='ocrx_word' id='word_1_167' title='bbox 872 2847 976 2918; x_wconf 92' lang='lat' dir='ltr'>putat.</span> 
     </span>
     <span class='ocr_line' id='line_1_26' title="bbox 146 2943 1158 3026; baseline 0.001 -20"><span class='ocrx_word' id='word_1_168' title='bbox 146 2964 151 2974; x_wconf 93' lang='lat'><em>·</em></span> <span class='ocrx_word' id='word_1_169' title='bbox 218 2943 306 3007; x_wconf 90' lang='lat' dir='ltr'>hanc</span> <span class='ocrx_word' id='word_1_170' title='bbox 323 2944 432 3006; x_wconf 89' lang='lat' dir='ltr'>animo</span> <span class='ocrx_word' id='word_1_171' title='bbox 448 2943 616 3024; x_wconf 85' lang='lat' dir='ltr'>gaudente</span> <span class='ocrx_word' id='word_1_172' title='bbox 632 2944 749 3007; x_wconf 88' lang='lat' dir='ltr'>vident</span> <span class='ocrx_word' id='word_1_173' title='bbox 764 2944 987 3026; x_wconf 88' lang='lat' dir='ltr'>iuvenumque</span> <span class='ocrx_word' id='word_1_174' title='bbox 1003 2952 1158 3007; x_wconf 92' lang='lat' dir='ltr'>catervae</span> 
     </span>
     <span class='ocr_line' id='line_1_27' title="bbox 263 3046 1079 3111; baseline -0.001 -1"><span class='ocrx_word' id='word_1_175' title='bbox 263 3055 524 3111; x_wconf 88' lang='lat' dir='ltr'>commemorant</span> <span class='ocrx_word' id='word_1_176' title='bbox 540 3047 656 3110; x_wconf 89' lang='lat' dir='ltr'>merito</span> <span class='ocrx_word' id='word_1_177' title='bbox 673 3055 722 3110; x_wconf 91' lang='lat' dir='ltr'>tot</span> <span class='ocrx_word' id='word_1_178' title='bbox 738 3046 825 3109; x_wconf 90' lang='lat' dir='ltr'>mala</span> <span class='ocrx_word' id='word_1_179' title='bbox 841 3047 928 3109; x_wconf 89' lang='lat' dir='ltr'>lerre</span> <span class='ocrx_word' id='word_1_180' title='bbox 944 3065 1079 3109; x_wconf 88' lang='lat' dir='ltr'>senem:</span> 
     </span>
     <span class='ocr_line' id='line_1_28' title="bbox 218 3148 1057 3232; baseline 0 -20"><span class='ocrx_word' id='word_1_181' title='bbox 218 3150 305 3213; x_wconf 92' lang='lat' dir='ltr'>hanc</span> <span class='ocrx_word' id='word_1_182' title='bbox 321 3151 438 3214; x_wconf 91' lang='lat' dir='ltr'>Venus</span> <span class='ocrx_word' id='word_1_183' title='bbox 454 3171 493 3213; x_wconf 87' lang='lat' dir='ltr'>ex</span> <span class='ocrx_word' id='word_1_184' title='bbox 509 3149 577 3213; x_wconf 89' lang='lat' dir='ltr'>alto</span> <span class='ocrx_word' id='word_1_185' title='bbox 593 3149 727 3213; x_wconf 88' lang='lat' dir='ltr'>flentem</span> <span class='ocrx_word' id='word_1_186' title='bbox 745 3148 893 3213; x_wconf 90' lang='lat' dir='ltr'>sublimis</span> <span class='ocrx_word' id='word_1_187' title='bbox 910 3149 1057 3232; x_wconf 91' lang='lat' dir='ltr'>Olympo</span> 
     </span>
     <span class='ocr_line' id='line_1_29' title="bbox 262 3252 1014 3335; baseline -0.003 -19"><span class='ocrx_word' id='word_1_188' title='bbox 262 3262 393 3335; x_wconf 89' lang='lat' dir='ltr'>spectat</span> <span class='ocrx_word' id='word_1_189' title='bbox 407 3264 441 3317; x_wconf 93' lang='lat' dir='ltr'>et</span> <span class='ocrx_word' id='word_1_190' title='bbox 456 3252 567 3316; x_wconf 89' lang='lat' dir='ltr'>infidis</span> <span class='ocrx_word' id='word_1_191' title='bbox 583 3273 682 3335; x_wconf 90' lang='lat' dir='ltr'>quam</span> <span class='ocrx_word' id='word_1_192' title='bbox 699 3254 742 3316; x_wconf 92' lang='lat' dir='ltr'>sit</span> <span class='ocrx_word' id='word_1_193' title='bbox 758 3252 877 3316; x_wconf 88' lang='lat' dir='ltr'>acerba</span> <span class='ocrx_word' id='word_1_194' title='bbox 893 3262 1014 3315; x_wconf 90' lang='lat' dir='ltr'>monet.</span> 
     </span>
     <span class='ocr_line' id='line_1_30' title="bbox 128 3355 1097 3437; baseline -0.001 -17"><span class='ocrx_word' id='word_1_195' title='bbox 128 3369 160 3437; x_wconf 80' lang='lat'>85</span> <span class='ocrx_word' id='word_1_196' title='bbox 218 3357 301 3418; x_wconf 90' lang='lat' dir='ltr'>haec</span> <span class='ocrx_word' id='word_1_197' title='bbox 318 3356 389 3419; x_wconf 91' lang='lat' dir='ltr'>aliis</span> <span class='ocrx_word' id='word_1_198' title='bbox 405 3356 581 3420; x_wconf 89' lang='lat' dir='ltr'>maledicta</span> <span class='ocrx_word' id='word_1_199' title='bbox 597 3356 737 3419; x_wconf 89' lang='lat' dir='ltr'>cadant:</span> <span class='ocrx_word' id='word_1_200' title='bbox 762 3376 833 3431; x_wconf 89' lang='lat' dir='ltr'>nos,</span> <span class='ocrx_word' id='word_1_201' title='bbox 852 3355 958 3430; x_wconf 89' lang='lat' dir='ltr'>Delia,</span> <span class='ocrx_word' id='word_1_202' title='bbox 976 3355 1097 3420; x_wconf 88' lang='lat' dir='ltr'>amoris</span> 
     </span>
     <span class='ocr_line' id='line_1_31' title="bbox 261 3458 943 3542; baseline -0.001 -19"><span class='ocrx_word' id='word_1_203' title='bbox 261 3459 449 3542; x_wconf 87' lang='lat' dir='ltr'>exemplum</span> <span class='ocrx_word' id='word_1_204' title='bbox 466 3478 550 3522; x_wconf 88' lang='lat' dir='ltr'>caua</span> <span class='ocrx_word' id='word_1_205' title='bbox 566 3458 669 3522; x_wconf 91' lang='lat' dir='ltr'>simus</span> <span class='ocrx_word' id='word_1_206' title='bbox 685 3467 823 3542; x_wconf 90' lang='lat' dir='ltr'>uterque</span> <span class='ocrx_word' id='word_1_207' title='bbox 839 3478 943 3522; x_wconf 89' lang='lat' dir='ltr'>coma.</span> 
     </span>
    </p>
   </div>
   <div class='ocr_carea' id='block_1_4' title="bbox 650 3777 708 3842">
    <p class='ocr_par' dir='ltr' id='par_1_4' title="bbox 650 3777 708 3842">
     <span class='ocr_line' id='line_1_32' title="bbox 650 3777 708 3842; baseline -0.034 -14"><span class='ocrx_word' id='word_1_208' title='bbox 650 3777 708 3842; x_wconf 84' lang='lat'>123</span> 
     </span>
    </p>
   </div>
   <div class='ocr_carea' id='block_1_5' title="bbox 0 0 1466 4284">
    <p class='ocr_par' dir='ltr' id='par_1_5' title="bbox 0 0 1466 4284">
     <span class='ocr_line' id='line_1_33' title="bbox 0 0 1466 4284; baseline 0 0"><span class='ocrx_word' id='word_1_209' title='bbox 0 0 1466 4284; x_wconf 95' lang='lat' dir='ltr'> </span> 
     </span>
    </p>
   </div>
  </div>
 </body>
</html>
