2908 4284
397 273 402 286 '
467 277 686 327 TESTIMONIA
709 277 866 341 ANTIQVA

203 453 300 526 grata
315 444 528 524 superveniet
543 462 628 525 quae
645 463 712 505 non
729 443 916 524 sperabitur
932 443 1021 506 hora.

206 568 260 611 me
277 548 435 630 pinguem
452 556 485 610 et
502 547 642 609 nitidum
658 547 744 610 bene
761 556 875 609 curata
891 556 966 610 cute
981 546 1079 623 viseS,

203 672 279 716 cum
297 651 404 715 ridere
419 651 521 727 voles,
539 651 676 734 Epicuri
691 633 732 714 de
749 671 852 732 grege
870 670 1016 732 porcum.

474 836 633 911 Ovrorvs,
650 833 764 898 Amor.
783 849 811 913 3,
828 851 849 914 9

205 975 391 1038 Memnona
407 973 434 1036 si
450 983 566 1048 mater,
585 982 689 1058 mater
706 972 847 1054 ploravit
864 971 1030 1036 Achillem

249 1087 284 1141 et
298 1086 442 1158 tangunt
457 1096 598 1157 magnas
614 1076 721 1139 tristia
737 1077 807 1139 iata
823 1077 913 1149 deas,

204 1181 324 1245 flebilis
340 1181 506 1262 indignos,
525 1179 672 1261 Elegeia,
689 1181 781 1243 solve
797 1180 950 1262 capillos:

250 1306 270 1348 a
286 1284 382 1348 nimis
399 1305 439 1347 ex
454 1304 534 1347 vero
550 1303 639 1346 nune
655 1284 714 1347 tibi
730 1305 852 1346 nomen
868 1285 939 1347 erit.

207 1389 264 1452 ille
279 1390 327 1452 tui
342 1398 436 1452 vates
452 1387 571 1471 operis,
590 1397 648 1458 tua
663 1388 764 1462 fama,
781 1388 943 1464 Tibullus,

251 1493 345 1555 ardet
359 1492 393 1554 in
409 1501 588 1568 exstructo,
604 1511 724 1572 corpus
740 1492 848 1565 inane,
865 1511 956 1572 rogo.

206 1616 286 1661 ecce
302 1615 385 1678 puer
400 1597 542 1660 Veneris
558 1596 624 1659 lert
639 1615 856 1677 eversamque
873 1596 1062 1676 pharetram

251 1711 285 1764 et
300 1700 425 1763 fractos
441 1719 538 1763 arcus
553 1709 587 1762 et
603 1699 674 1762 sine
689 1699 762 1761 luce
778 1699 897 1761 facem.

207 1804 320 1887 aspice
335 1803 488 1868 demissis
504 1814 541 1866 ut
556 1813 611 1866 eat
627 1801 828 1866 miserabilis*
839 1802 900 1865 alis

250 1918 453 1990 pectoraque
468 1907 592 1970 infesta
607 1907 726 1970 tundat
742 1915 856 1987 aperta
873 1925 983 1969 manu.

207 2011 377 2093 excipiunt
392 2010 545 2074 lacrimas
560 2011 668 2093 sparsi
684 2029 745 2092 per
760 2010 845 2074 colla
861 2009 979 2091 capilli,

252 2134 376 2198 oraque
392 2114 539 2196 singultu
555 2115 766 2178 concutiente
782 2123 911 2177 sonant.

208 2219 322 2283 fratris
336 2221 370 2282 in
388 2220 526 2282 Aeneae
543 2219 590 2282 sic
606 2218 697 2280 illum
715 2219 832 2281 funere
849 2217 965 2281 dicunt

253 2343 424 2405 egressum
440 2321 547 2397 tectis,
563 2322 703 2404 pulcher
721 2323 801 2396 Iule,
818 2323 893 2384 tuis.

211 2447 274 2491 nec
290 2428 400 2490 minus
415 2436 467 2491 est
483 2427 624 2489 confusa
639 2427 759 2488 Venus'
772 2426 934 2489 moriente
950 2425 1092 2501 Tibullo,

253 2550 352 2614 quam
368 2530 479 2594 iuveni
494 2529 584 2612 rupit
599 2549 674 2592 cum
691 2530 783 2592 ierus
799 2529 925 2610 inguen
942 2548 1031 2610 aper.

209 2645 244 2698 at
260 2635 344 2698 sacri
359 2644 453 2698 vates
468 2641 503 2697 et
517 2635 629 2697 divum
646 2653 726 2695 cura
740 2652 915 2695 vocamur:

254 2749 331 2802 sunt
347 2738 447 2802 etiam
463 2739 520 2821 qui
535 2758 597 2800 nos
614 2757 736 2800 numen
754 2736 876 2799 habere
892 2745 1019 2818 putent.

209 2842 335 2906 scilicet
350 2862 449 2906 omne
465 2861 594 2905 sacrum
612 2861 700 2904 mors
715 2843 906 2921 importuna
922 2840 1088 2921 profanat,

253 2947 406 3010 omnibus
422 2946 581 3010 obscuras
595 2944 688 3008 inicit
702 2945 759 3007 illa
775 2963 902 3006 manus.

167 3081 173 3093 ·
210 3051 290 3134 quid
306 3061 401 3133 pater
418 3051 568 3125 Ismario,
585 3050 664 3131 quid
681 3058 787 3112 mater
802 3047 927 3128 proluit
943 3046 1106 3128 Orpheo?

254 3154 400 3219 carmine
416 3154 495 3236 quid
510 3154 615 3216 victas
631 3153 831 3234 obstipuisse
846 3150 960 3214 ieras?

211 3258 377 3323 ‘Aelinon'
394 3259 428 3320 in
445 3257 535 3321 silvis
551 3257 637 3320 idem
655 3266 758 3338 pater,
777 3255 943 3318 ‘Aelinon'
961 3254 1036 3318 altis

239 3362 374 3426 ¹dicitur
389 3363 492 3425 invita
508 3360 715 3424 concinuisse
732 3360 810 3445 lyra.

209 3466 304 3530 adice
322 3465 533 3541 Maeoniden,
551 3485 652 3546 aquo
668 3463 836 3526 ceufonte
852 3462 992 3544 perenni

253 3581 367 3634 vatum
385 3569 499 3632 Pieriis
515 3589 573 3632 ora
588 3568 740 3648 rigantur
754 3568 865 3648 aquis:

210 3665 448 3757 huncquoque
465 3691 594 3736 summa
610 3671 681 3735 dies
697 3671 793 3753 nigro
810 3670 987 3734 submersit
1002 3671 1160 3734 Averno:

639 3788 697 3856 ι75
