2908 4284
257 295 359 362 4723]
566 243 569 250 ¹
720 286 891 367 Trnvtnvs

337 464 473 519 exorata
489 455 571 517 meis
586 453 678 515 illum
697 452 864 537 Cytherea
879 449 1037 515 Camenis

381 557 491 621 attulit
506 558 540 619 in
557 567 705 620 nostrum
722 555 943 637 deposuitque
958 553 1079 616 sinum.

252 688 266 743 5
339 661 477 726 exsolvit
493 662 655 742 promissa
670 661 802 739 Venus:
827 678 901 722 mea
916 657 1038 739 gaudia
1054 665 1175 734 narret,

381 765 509 829 dicetur
525 766 552 827 si
574 764 647 846 quis
663 784 730 827 non
747 761 903 825 habuisse
920 781 989 824 sua.

336 889 402 932 non
419 889 483 950 ego
500 867 639 950 signatis
656 868 833 949 quicquam
849 865 1009 928 mandare
1024 864 1164 940 tabellis,

381 993 424 1037 ne
440 973 530 1054 legat
546 971 578 1034 id
596 991 694 1033 nemo
711 990 810 1053 quam
827 989 920 1032 meus
937 978 1025 1044 ante,
1042 968 1151 1043 velim,

338 1076 398 1140 sed
413 1095 571 1157 peccasse
586 1075 687 1150 iuvat,
704 1074 817 1136 vultus
832 1091 1033 1154 componere
1052 1072 1164 1134 famae

380 1179 507 1243 taedet:
531 1198 607 1243 cum
623 1178 726 1260 digno
742 1177 845 1258 digna
861 1177 966 1240 fuisse
981 1176 1079 1238 ferar.

789 1382 817 1475 8

340 1563 472 1626 Invisus
489 1561 607 1628 natalis
623 1562 718 1625 adest
734 1561 792 1643 qui
807 1580 881 1624 rure
898 1561 1037 1624 molesto

381 1676 415 1728 et
431 1666 502 1729 sine
518 1665 678 1731 Cerintho
694 1665 797 1728 tristis
814 1665 964 1745 agendus
980 1665 1051 1727 erit.

338 1768 467 1854 dulcius
483 1770 565 1832 urbe
582 1769 660 1850 quid
678 1769 749 1831 est?
774 1788 816 1829 an
833 1768 911 1831 villa
927 1769 969 1830 sit
985 1776 1064 1849 apta
1081 1767 1211 1849 puellae

382 1882 481 1954 atque
498 1871 656 1934 Arretino
671 1871 814 1953 frigidus
831 1871 938 1934 amnis
955 1872 1056 1952 agro?

232 1961 235 1967 ⁵
339 1976 414 2050 iam,
431 1975 568 2038 nimium
587 1975 746 2038 Messalla
762 1977 827 2038 mei
842 1975 998 2050 studiose,
1015 1974 1177 2056 quiescas

382 2099 448 2141 neu
463 2080 682 2160 tempestivae
698 2098 799 2160 saepe
816 2077 1001 2159 propinque
1017 2078 1100 2141 viae.

339 2181 391 2244 hic
408 2183 560 2271 animum
572 2201 757 2263 sensusque
774 2201 864 2244 meos
880 2181 1024 2243 abducta
1040 2181 1200 2263 relinquo,

382 2285 516 2349 arbitrio
532 2284 683 2368 quamvis
699 2306 766 2348 non
783 2284 864 2348 sinis
879 2303 953 2348 esse
969 2304 1052 2348 meo.

787 2518 817 2611 9

341 2667 413 2731 Scis
428 2667 490 2730 iter
506 2686 546 2729 ex
561 2667 671 2730 animo
688 2667 854 2730 sublatum
874 2666 967 2731 triste
983 2664 1134 2748 puellae?

384 2770 486 2833 natali
503 2771 631 2833 Romae
648 2770 712 2832 iarn
728 2770 805 2833 licet
821 2790 895 2833 esse
912 2789 995 2833 meo.

340 2873 493 2936 omnibus
512 2874 567 2937 ille
583 2872 653 2936 dies
670 2873 765 2936 nobis
782 2874 902 2936 natalis
918 2882 1046 2954 agatur,

383 2976 440 3057 qui
456 2996 517 3040 nec
533 2975 682 3058 opinanti
699 2996 787 3040 nunc
805 2975 863 3039 tibi
879 2977 966 3038 forte
981 2977 1081 3040 venit„

777 3209 836 3272 10

304 3433 312 3459 Ι
342 3357 481 3421 Gratum
498 3368 558 3434 est,
576 3378 711 3422 securus
728 3358 867 3421 multum
885 3359 974 3442 quod
991 3359 1056 3422 iam
1072 3358 1132 3422 tibi
1148 3359 1190 3422 de
1206 3379 1260 3423 me

386 3461 558 3542 permittis,
577 3461 684 3524 subito
701 3483 742 3524 ne
759 3463 845 3525 male
861 3463 975 3544 inepta
990 3463 1116 3526 cadam.

342 3563 384 3625 sit
399 3563 459 3626 tibi
474 3584 553 3626 cura
569 3575 667 3646 togae
683 3566 790 3647 potior
806 3586 1027 3648 pressumque
1044 3565 1183 3647 quasillo

385 3677 530 3732 scortum
548 3688 646 3749 quarn
664 3669 758 3732 Servi
774 3670 840 3732 filia
857 3670 1013 3752 Sulpicia.

782 3790 841 3863 ¹70
