2908 4284
223 277 242 320 ¹·
257 275 279 324 s
292 259 337 323 31]
693 273 862 322 rmvmvs

306 435 423 518 bisque
439 436 493 499 die
509 435 656 499 resoluta
671 456 784 499 comas
800 437 859 499 tibi
875 437 985 500 dicere
1001 437 1117 500 laudes

350 539 490 620 insignis
505 539 603 602 turba
618 539 739 602 debeat
754 539 788 601 in
807 539 934 614 Pharia,

306 652 341 706 at
356 642 437 706 mihi
451 643 623 724 contingat
641 644 764 725 patrios
780 642 947 706 celebrare
965 645 1106 707 Penates

349 746 553 828 reddereque
568 746 705 829 antiquo
722 757 891 810 menstrua
906 756 981 809 tura
998 747 1085 809 Lari.

305 850 507 932 quambene
524 850 669 914 Saturno
685 850 842 913 vivebant
858 870 946 931 rege,
964 850 1055 932 prius
1072 868 1170 932 quam

349 954 447 1017 tellus
463 955 497 1017 in
513 955 630 1035 longas
646 964 697 1042 eqt
713 954 883 1036 patefacta
899 954 988 1017 vias!
1038 1035 1041 1040 Ι

306 1058 453 1120 nondum
471 1059 641 1121 caeruleas
657 1057 755 1139 pinus
772 1068 1018 1139 contempserat
1035 1058 1150 1134 undas,

349 1161 495 1225 effusum
511 1163 619 1225 ventis
636 1162 901 1244 praebueratque
917 1161 1035 1236 sinum,

306 1285 367 1329 nec
382 1285 489 1346 vagus
505 1265 626 1346 ignotis
643 1274 799 1356 repetens
815 1265 1014 1347 compendia
1028 1265 1124 1328 terris

349 1378 515 1451 presserat
531 1379 667 1432 externa
683 1370 795 1431 navita
811 1388 921 1432 merce
936 1378 1052 1432 ratem.

305 1474 361 1535 illo
378 1493 445 1537 non
460 1474 590 1537 validus
607 1473 705 1536 subiit
722 1473 800 1554 iuga
816 1483 967 1554 ternpore
982 1482 1106 1547 taurus,

349 1598 415 1640 non
432 1579 557 1642 domito
573 1579 687 1641 frenos
704 1597 761 1641 ore
777 1577 953 1641 momordit
968 1597 1084 1659 equus,

305 1702 372 1745 non
388 1682 506 1746 domus
523 1682 590 1746 ulla
606 1683 696 1746 fores
712 1682 838 1757 habuit,
856 1701 922 1745 non
939 1682 1023 1744 fixus
1039 1681 1073 1744 in
1089 1681 1177 1762 agris

349 1787 406 1867 qui
421 1796 552 1868 regeret
567 1786 665 1849 certis
682 1786 803 1848 finibus
819 1805 899 1848 arva
915 1784 1009 1866 lapis.

304 1889 396 1971 ipsae
414 1891 512 1954 mella
527 1891 652 1954 dabant
668 1910 819 1974 quercus,
838 1890 991 1972 ultroque
1007 1889 1161 1954 ferebant

316 2054 318 2060 .
348 1993 445 2057 obvia
461 1996 586 2058 securis
602 1994 705 2058 ubera
722 1994 817 2057 lactis
834 2014 922 2058 oves.

304 2118 372 2162 non
389 2097 486 2175 acies,
503 2120 570 2162 non
587 2101 636 2162 ira
652 2099 724 2176 luit,
742 2120 809 2162 non
825 2099 922 2174 bella,
940 2118 1002 2162 nec
1018 2117 1132 2162 ensem

347 2202 466 2265 immiti
482 2222 600 2266 saevus
618 2202 757 2265 duxerat
773 2212 844 2266 arte
859 2202 964 2265 faber.

304 2325 395 2368 nunc
412 2306 492 2369 Iove
508 2305 570 2369 sub
586 2306 721 2370 domino
738 2306 858 2370 caedes
875 2316 909 2370 et
925 2305 1063 2369 vulnera
1080 2324 1221 2385 semper,

347 2429 435 2472 nunc
453 2429 552 2485 mare,
569 2430 658 2473 nunc
675 2410 731 2474 leti
749 2408 837 2472 mille
854 2419 992 2492 repente
1008 2409 1090 2472 viae.

305 2532 413 2594 parce,
432 2522 534 2594 pater.
581 2512 732 2576 timidum
750 2533 817 2575 non
835 2533 889 2576 me
906 2513 1048 2595 periuria
1065 2521 1198 2588 terrent,

348 2635 415 2678 non
431 2615 519 2679 dicta
534 2617 567 2678 in
585 2625 716 2679 sanctos
734 2616 836 2698 impia
852 2617 954 2680 verba
970 2617 1059 2681 deos.

304 2719 393 2801 quod
410 2721 437 2780 si
453 2720 573 2797 fatales
589 2721 654 2782 iam
672 2740 760 2782 nunc
776 2721 981 2801 explevimus
999 2739 1114 2796 annos

348 2822 402 2885 lac
419 2821 504 2903 lapis
519 2822 685 2904 inscriptis
703 2832 769 2886 stet
785 2843 886 2905 super
901 2843 977 2887 ossa
994 2825 1100 2886 notis:

304 2925 371 2988 ‘hic
387 2925 473 2989 iacet
487 2927 605 2988 immiti
621 2936 839 3009 consumptus
855 2937 961 2990 morte
977 2926 1139 3002 Tibullus,

348 3029 543 3092 Messallam
559 3039 645 3092 terra
661 3029 740 3092 dum
757 3031 972 3112 sequiturque
989 3030 1092 3093 mari’

304 3132 362 3195 sed
379 3152 440 3207 me,
458 3132 547 3214 quod
563 3133 671 3195 facilis
686 3143 802 3196 tenero
818 3153 891 3196 sum
908 3153 1040 3215 semper
1055 3133 1182 3208 Amori,

347 3237 420 3317 ipsa
435 3236 552 3299 Venus
567 3255 705 3318 campos
721 3236 820 3300 ducet
835 3236 868 3299 in
888 3237 1030 3320 Elysios.

304 3339 356 3402 hic
371 3340 513 3403 choreae
529 3349 712 3422 cantusque
727 3341 851 3421 vigent,
870 3341 1061 3422 passimque
1077 3349 1240 3421 vagantes

346 3441 441 3505 dulce
458 3452 577 3506 sonant
593 3442 685 3505 tenui
701 3452 835 3523 gutture
851 3463 984 3507 carmen
1002 3463 1089 3519 aves,

303 3547 370 3609 fert
385 3547 508 3609 casiam
525 3566 592 3609 non
609 3547 698 3609 culta
714 3566 820 3628 seges,
837 3556 991 3628 totosque
1007 3566 1067 3628 per
1083 3565 1182 3627 agros

346 3648 442 3712 floret
457 3649 603 3713 odoratis
619 3658 707 3712 terra
722 3649 868 3732 benigna
886 3649 983 3713 rosis:

732 3777 790 3838 114
