2908 4284
244 301 264 345 1.
279 301 316 345 ιο,
329 285 373 350 20]
577 325 578 330 η
633 355 636 364 Δ
707 295 877 346 unvanus

241 486 271 522 20
370 459 479 522 stabat
495 459 528 522 in
544 460 664 541 exigua
680 459 811 542 ligneus
824 453 909 524 ¹aede
926 460 1017 524 deus.

327 563 380 628 hic
396 563 547 645 placatus
562 572 642 639 erat,
660 583 719 626 seu
735 564 809 646 quis
824 563 985 628 libaverat
1000 583 1108 640 uvam,

370 686 429 730 seu
445 667 583 730 dederat
599 675 734 731 sanctae
751 668 864 748 spicea
880 677 968 730 serta
984 687 1116 731 comae:

326 772 425 846 atque
442 763 560 847 aliquis
575 764 644 826 voti
660 783 797 846 compos
813 763 879 827 liba
894 766 966 846 ipse
982 763 1112 828 ferebat

370 875 512 950 postque
528 886 640 930 comes
656 887 776 948 purum
793 867 860 930 filia
876 887 979 949 parva
994 869 1118 932 favum.

241 997 269 1049 ²5
326 980 360 1033 at
375 969 471 1033 nobis
487 980 608 1046 aerata,
628 971 742 1046 Lares,
760 971 918 1052 depellite
934 972 1010 1047 tela,

371 1091 389 1126 Ι
533 1093 551 1127 Ι
697 1091 715 1126 Ι
859 1092 877 1130 ὕ
1022 1093 1040 1128 Ι
1188 1091 1207 1128 U

370 1176 543 1260 hostiaque
560 1198 578 1240 e
595 1178 695 1259 plena
710 1179 833 1241 rustica
848 1197 968 1260 porcus
985 1179 1076 1242 hara.
1230 1247 1234 1254 ,

244 1327 247 1334 ,
326 1281 412 1343 hanc
428 1301 512 1362 pura
527 1301 602 1344 cum
618 1290 712 1344 veste
728 1302 849 1364 sequar
865 1291 1039 1366 myrtoque
1055 1282 1200 1344 canistra

369 1383 480 1447 vincta
495 1404 619 1466 geram,
638 1393 745 1469 myrto
760 1387 892 1448 vinctus
908 1396 942 1448 et
957 1387 1029 1467 ipse
1046 1395 1156 1467 caput.

326 1487 373 1551 sic
384 1488 540 1569 placeam
556 1487 665 1550 vobis:
689 1490 773 1551 alius
789 1491 831 1552 sit
846 1490 943 1552 fortis
959 1491 993 1551 in
1010 1490 1119 1564 armis,

238 1617 270 1669 30
369 1575 495 1654 sternat
510 1600 543 1654 et
559 1592 716 1654 adversos
735 1590 844 1656 Marte
858 1594 994 1656 favente
1011 1592 1123 1670 duces,

326 1704 363 1757 ut
378 1695 459 1758 mihi
475 1696 605 1776 potanti
621 1695 727 1776 possit
743 1716 804 1758 sua
820 1696 930 1760 dicere
946 1697 1038 1760 facta

370 1799 463 1862 miles
479 1809 513 1862 et
528 1800 562 1861 in
579 1819 694 1863 mensa
709 1800 848 1881 pingere
865 1809 973 1863 castra
989 1820 1089 1864 mero.

325 1904 399 1986 quis
414 1904 508 1966 furor
523 1913 575 1968 est
590 1913 695 1966 atram
712 1885 808 1967 bellis
825 1924 992 1967 arcessere
1011 1903 1175 1968 Mortem?

369 2006 519 2070 imminet
534 2017 568 2071 et
583 2009 683 2070 tacito
700 2009 784 2071 clam
800 2009 892 2072 venit
906 2007 963 2070 illa
978 2008 1073 2090 pede.

238 2135 269 2189 35
325 2130 392 2174 non
409 2132 506 2193 seges
522 2121 573 2175 est
588 2112 685 2187 infra,
703 2132 770 2174 non
786 2113 884 2175 vinea
899 2111 996 2186 culta,
1014 2112 1073 2174 sed
1089 2111 1198 2174 audax

370 2215 535 2280 Cerberus
551 2227 585 2280 et
601 2216 738 2300 Stygiae
754 2217 865 2278 navita
880 2215 988 2296 turpis
1004 2234 1125 2298 aquae:

326 2319 391 2383 illic
407 2321 645 2402 perscissisque
661 2322 757 2402 genis
774 2330 914 2403 ustoque
931 2318 1051 2401 capillo

370 2434 457 2486 errat
472 2424 514 2487 ad
531 2423 690 2487 obscuros
706 2419 830 2506 pallida
846 2422 943 2487 turba
959 2423 1061 2486 lacus.

326 2547 425 2608 quarn
442 2529 551 2609 potius
568 2527 754 2591 laudandus
772 2527 824 2591 hic
841 2536 893 2590 est
909 2539 1006 2610 quem
1024 2526 1116 2608 prole
1132 2535 1250 2607 parata

238 2657 270 2705 40
365 2642 507 2713 occupat
522 2631 555 2694 in
572 2652 674 2713 parva
691 2632 787 2713 pigra
803 2629 1046 2696 senecta‘casa!

325 2733 398 2815 ipse
413 2755 490 2798 suas
506 2745 652 2799 sectatur
667 2756 756 2812 oves,
774 2746 807 2798 at
823 2736 909 2798 filius
925 2754 1041 2816 agnos,

368 2848 402 2902 et
417 2839 557 2902 calidam
574 2839 666 2902 fesso
681 2848 852 2920 comparat
868 2859 949 2902 uxor
964 2857 1095 2921 aquam.

325 2939 372 3004 sic
388 2962 451 3023 ego
464 2942 536 3018 sim,
554 2942 716 3024 liceatque
732 2952 833 3024 caput
850 2942 1051 3006 candescere
1066 2940 1168 3016 canis,
1238 3015 1240 3020 ¹

369 3046 529 3127 temporis
545 3055 578 3108 et
592 3046 694 3127 prisci
710 3046 800 3110 facta
816 3046 940 3109 referre
958 3063 1080 3108 senem.

237 3171 268 3224 45
323 3149 450 3211 interea
467 3149 535 3211 Pax
550 3168 629 3212 arva
644 3149 740 3213 colat.
789 3150 856 3212 Pax
871 3148 1013 3212 candida
1029 3148 1173 3229 primum

368 3251 460 3314 duxit
476 3261 625 3326 araturos
641 3252 703 3315 sub
719 3252 796 3333 iuga
813 3272 914 3315 curva
929 3251 1048 3315 boves:

326 3354 393 3416 Pax
408 3354 489 3418 aluit
504 3356 587 3418 vites
604 3364 637 3418 et
653 3375 751 3419 sucos
762 3355 915 3419 condidit
931 3375 1024 3432 uvae,

368 3458 525 3521 funderet
540 3468 576 3520 ut
591 3469 670 3522 nato
686 3468 773 3522 testa
789 3468 929 3540 patema
946 3479 1090 3522 merum:

324 3580 407 3642 pace
423 3560 540 3625 bidens
555 3582 735 3644 vomerque
752 3562 867 3638 nitent,
885 3571 918 3624 at
934 3562 1041 3625 tristia
1055 3562 1129 3625 dun'

238 3689 268 3743 50
366 3664 478 3729 militis
493 3666 527 3757 in
544 3665 689 3730 tenebris
705 3676 847 3746 occupat
863 3686 955 3744 arma
971 3666 1063 3729 situs.

749 3792 808 3857 132
