2908 4284
231 281 255 328 4,
270 279 290 324 1,
302 263 348 329 90]
701 268 871 316 TIBVLLVS

229 461 261 509 90
316 435 429 520 iecerit
445 445 503 497 aut
520 435 610 496 lento
627 434 826 516 perfregerit
841 434 938 496 obvia
954 433 1030 516 pilo,

318 548 376 600 aut
391 537 465 618 quis
480 558 602 620 equum
620 538 804 600 celeremve
821 547 893 600 arto
905 558 1117 619 compescere
1132 537 1232 600 freno

319 643 423 723 possit
438 651 472 703 et
487 640 614 703 effusas
630 641 725 706 tardo
741 642 933 722 permittere
949 641 1097 704 habenas

317 745 418 826 inque
434 746 539 806 vicem
557 744 656 806 modo
671 744 798 806 directo
815 744 1016 807 contendere
1032 759 1142 826 passu,

319 868 377 910 seu
394 848 501 923 libeat,
518 866 620 910 curvo
635 847 768 910 brevius
784 857 977 911 convertere
993 868 1084 932 gyro,

318 953 393 1035 quis
409 972 533 1034 parma,
552 971 609 1015 seu
626 952 742 1014 dextra
757 952 837 1014 velit
853 972 911 1014 seu
928 952 1031 1028 laeva,
1048 953 1142 1028 tueri,

319 1057 387 1118 sive
404 1056 467 1118 hac
484 1057 554 1118 sive
570 1055 644 1119 illac
659 1055 771 1118 veniat
788 1057 899 1136 gravis
914 1055 1058 1138 impetus
1075 1057 1191 1119 hastae

318 1159 467 1240 amplior,
485 1169 543 1222 aut
559 1159 689 1240 signata
704 1161 771 1221 cita
786 1159 859 1222 loca
874 1170 1013 1240 tangere
1029 1160 1142 1222 lunda.

318 1264 383 1325 iam
400 1263 499 1325 simul
514 1263 649 1325 audacis
664 1263 800 1325 venient
816 1263 998 1325 certamina
1016 1263 1145 1339 Martis,
1217 1288 1220 1293 ·

319 1367 533 1448 adversisque
550 1376 667 1448 parent
683 1366 771 1429 acies
788 1386 986 1429 concurrere
1003 1368 1116 1448 signis,

321 1480 390 1533 tum
406 1469 467 1533 tibi
482 1490 549 1532 non
565 1470 652 1532 desit
665 1470 787 1532 faciem
804 1490 1004 1552 componere
1021 1491 1163 1552 pugnae,

320 1593 378 1637 seu
393 1572 435 1635 sit
451 1594 534 1655 opus
551 1573 749 1654 quadratum
766 1575 855 1636 acies
871 1575 1032 1636 consistat
1047 1574 1081 1635 in
1098 1593 1230 1655 agmen,

320 1687 430 1740 rectus
446 1686 482 1739 ut
498 1678 648 1758 aequatis
664 1677 818 1739 decurrat
833 1677 1000 1740 frontibus
1017 1678 1106 1752 ordo,

320 1801 379 1843 seu
394 1780 495 1843 libeat
511 1780 678 1862 duplicem
695 1780 870 1842 seiunctim
892 1799 1029 1843 cernere
1047 1781 1201 1856 Martem,

320 1885 435 1946 dexter
449 1885 497 1946 uti
513 1883 644 1946 laevum
660 1893 774 1947 teneat
788 1884 1007 1966 dextrumque
1026 1885 1159 1947 sinister

235 2007 280 2062 105
321 1987 416 2051 miles
432 1988 541 2069 sitque
557 1986 680 2068 duplex
696 1989 820 2068 gemini
836 1989 974 2050 victoria
990 2008 1097 2051 casus.

365 2100 399 2155 at
413 2112 482 2154 non
498 2112 558 2176 per
573 2091 692 2154 dubias
707 2101 820 2154 errant
837 2112 911 2154 mea
926 2093 1074 2155 carmina
1090 2091 1223 2154 laudes:

320 2216 398 2259 nam
413 2195 508 2259 bellis
524 2205 661 2279 experta
675 2216 770 2259 cano.
816 2197 910 2259 testis
926 2195 1007 2259 mihi
1021 2197 1129 2259 victae

320 2301 416 2363 fortis
434 2299 595 2385 Iapydiae
611 2300 715 2376 miles,
732 2302 828 2363 testis
844 2319 977 2382 quoque
992 2300 1097 2362 fallax

322 2404 514 2467 Pannonius
529 2404 658 2485 gelidas
674 2405 798 2485 passim
815 2404 973 2467 disiectus
989 2404 1023 2466 in
1040 2403 1157 2486 Alpes

235 2535 281 2570 110
320 2508 415 2571 testis
431 2509 594 2590 Arupinis
610 2517 645 2571 et
660 2527 789 2589 pauper
804 2517 903 2570 natus
919 2509 954 2570 in
970 2507 1067 2583 arvis,

321 2631 420 2693 quem
437 2610 465 2674 si
480 2612 554 2694 quis
569 2611 682 2674 videat
696 2598 793 2673 yetus
809 2620 845 2673 ut
861 2631 928 2673 non
948 2611 1087 2692 fregerit
1103 2621 1205 2685 aetas

322 2723 417 2777 terna
432 2716 541 2777 minus
559 2714 672 2798 Pyliae
687 2715 824 2777 miretur
847 2713 979 2777 saecula
996 2715 1116 2777 famae.

321 2837 466 2899 namque
483 2837 584 2880 senex
600 2817 721 2898 longae
738 2818 869 2899 peragit
885 2816 964 2879 dum
982 2826 1133 2898 tempora
1148 2816 1248 2890 vitae,

322 2931 454 2984 centum
472 2921 636 2984 fecundos
652 2921 753 2982 Titan
771 2919 979 2983 renovaverit
995 2940 1111 2996 annos,

239 3044 282 3098 115
323 3024 396 3106 ipse
413 3034 524 3087 tamen
540 3024 637 3088 velox
652 3025 793 3087 celerem
812 3044 912 3110 super
928 3024 1027 3087 edere
1043 3043 1164 3104 corpus

322 3129 422 3190 audet
437 3148 559 3210 equum
575 3127 761 3211 validisque
778 3129 872 3191 sedet
889 3127 1077 3191 moderator
1096 3125 1245 3206 habenis.

322 3241 355 3294 te
371 3232 455 3295 duce
471 3252 538 3294 non
555 3232 637 3295 alias
653 3251 833 3295 conversus
850 3241 945 3313 terga
961 3232 1113 3293 domator

322 3334 426 3398 libera
444 3337 615 3398 Romanae
632 3335 771 3398 subiecit
788 3335 873 3398 eolla
890 3345 1037 3399 catenae.

365 3459 428 3503 nee
442 3448 555 3502 tamen
573 3439 624 3502 his
639 3448 817 3503 contentus
833 3438 917 3501 eris:
942 3439 1067 3501 maiora
1083 3437 1226 3521 peractis

237 3569 283 3605 120
322 3544 457 3619 instant,
475 3552 682 3624 compertum
698 3553 750 3605 est
766 3541 941 3606 veracibus
958 3552 994 3604 ut
1010 3542 1090 3604 mihi
1107 3541 1219 3623 signis,

323 3645 396 3729 quis
413 3645 661 3731 Amythaonius
678 3656 823 3727 nequeat
839 3654 967 3709 certare
985 3646 1187 3727 Melampus.

760 3753 819 3814 162
