2902 4288
705 270 875 319 TIBVLLVS

365 434 544 516 defugiunt
559 435 674 498 avidos
690 436 837 496 carmina
853 433 924 512 sola
940 453 1057 514 rogos:

321 540 419 602 durat
434 558 519 621 opus
536 546 657 614 vatum,
675 539 811 600 Troiani
826 538 918 599 lama
934 536 1056 599 laboris

364 642 525 724 tardaque
542 651 705 706 nocturno
720 626 787 704 tela
803 650 930 704 retexta
945 640 1031 704 dolo.

321 748 369 810 sic
386 747 542 810 Nemesis
558 745 705 827 longum,
722 744 769 808 sic
788 745 885 808 Delia
902 764 1023 807 nomen
1040 744 1221 822 habebunt,

364 851 468 915 altera
483 870 563 914 cura
579 868 706 924 recens,
724 849 827 912 altera
844 848 970 931 primus
987 867 1088 911 amor.

321 954 401 1037 quid
415 975 475 1019 vos
492 974 588 1018 sacra
602 953 740 1016 iuvant?
785 952 865 1035 quid
882 972 971 1015 nunc
988 951 1161 1036 Aegyptia
1177 964 1324 1036 prosunt

365 1060 485 1143 sistra?
508 1058 586 1142 quid
603 1059 638 1120 in
655 1077 760 1121 vacuo
777 1056 970 1120 secubuisse
985 1056 1078 1119 toro?

320 1182 395 1226 cum
412 1162 545 1244 rapiunt
561 1163 648 1225 mala
665 1163 735 1225 iata
750 1162 866 1237 bonos,
879 1161 1095 1242 -ignoscite
1110 1161 1254 1224 fasso-

366 1266 524 1330 sollicitor
539 1265 648 1330 nullos
663 1285 738 1330 esse
752 1275 874 1347 putare
890 1265 981 1329 deos.

321 1371 395 1434 vive
411 1371 504 1453 pius:
529 1371 686 1447 moriere;
713 1371 788 1452 pius
804 1369 876 1433 cole
892 1389 1005 1432 sacra:
1028 1368 1194 1433 colentem

365 1493 453 1537 mors
470 1475 581 1555 gravis
597 1494 616 1537 a
632 1475 766 1556 templis
782 1475 816 1536 in
833 1493 916 1537 cava
931 1473 1030 1536 busta
1044 1473 1170 1549 trahet;

322 1577 523 1641 carminibus
539 1578 669 1641 confide
685 1577 800 1640 bonis:
823 1579 911 1641 iacet
925 1597 1004 1640 ecce
1020 1576 1189 1654 Tibullus;

364 1683 418 1744 vix
433 1691 546 1745 manet
561 1701 580 1745 e
596 1691 666 1746 toto
682 1701 785 1763 parva
801 1682 891 1762 quod
906 1701 992 1744 urna
1006 1679 1104 1762 capit.

321 1794 408 1862 tene,
426 1805 519 1849 sacer
533 1794 637 1862 vates,
655 1785 808 1849 flammae
825 1804 966 1868 rapuere
982 1783 1113 1866 rogales

366 1889 555 1971 pectoribus
572 1889 664 1972 pasci
681 1909 742 1952 nec
758 1891 898 1952 timuere
913 1889 1002 1952 tuis?

321 2011 423 2056 aurea
438 2003 628 2056 sanctorum
644 1993 832 2075 potuissent
847 1991 973 2075 templa
989 1992 1126 2056 deorum

364 2116 469 2173 urere,
487 2116 571 2180 quae
588 2106 717 2159 tantum
734 2098 921 2160 sustinuere
937 2096 1043 2160 nelas.
1110 2138 1112 2144 ‚

324 2200 443 2264 avertit
458 2202 580 2275 vultus,
599 2200 716 2285 Erycis
733 2220 818 2282 quae
835 2200 983 2282 possidet
998 2221 1111 2265 arces:

365 2314 442 2367 sunt
458 2324 590 2387 quoque
606 2304 662 2387 qui
678 2303 832 2368 lacrimas
848 2305 1052 2369 continuisse
1068 2313 1205 2387 negant

322 2409 380 2472 sed
397 2418 508 2471 tamen
526 2409 589 2472 hoc
607 2407 732 2484 melius,
749 2429 848 2491 quam
865 2408 894 2472 si
911 2408 1074 2473 Phaeacia
1089 2409 1188 2473 tellus

364 2512 515 2594 ignotum
531 2501 587 2574 vili'
603 2514 834 2594 supposuisset
849 2513 960 2577 humo.

322 2616 399 2680 hinc
415 2626 505 2680 certe
521 2616 672 2680 madidos
688 2617 850 2698 fugientis
867 2617 988 2699 pressit
1002 2617 1125 2682 ocellos

363 2730 469 2784 mater
484 2729 518 2784 et
533 2720 567 2783 in
583 2722 711 2784 cineres
728 2720 843 2785 ultima
859 2723 947 2784 dona
963 2722 1056 2797 tulit;

321 2823 398 2888 hinc
416 2845 508 2887 soror
522 2826 557 2887 in
574 2834 702 2907 partem
720 2825 841 2889 misera
857 2846 934 2890 cum
950 2835 1055 2890 matre
1071 2825 1194 2890 doloris

363 2930 455 2992 venit
469 2930 641 2992 inornatas
657 2929 817 2993 dilaniata
833 2949 956 3006 comas,

321 3051 462 3114 cumque
478 3034 543 3096 tuis
560 3053 620 3096 sua
635 3035 814 3097 iunxerunt
833 3033 1053 3116 Nemesisque
1068 3033 1226 3117 priorque
1271 3076 1276 3086 ·

364 3136 477 3199 oscula
494 3156 555 3200 nec
572 3138 659 3200 solos
677 3138 856 3202 destituere
872 3159 982 3220 rogos.

323 3240 420 3303 Delia
435 3240 644 3306 descendens
663 3242 830 3305 ‘felicius’
848 3242 956 3324 inquit
973 3249 1101 3328 ‘amata

364 3364 437 3407 sum
454 3344 532 3408 tibi:
555 3345 674 3421 vixisti,
691 3347 770 3408 dum
787 3357 863 3409 tuus
879 3346 967 3427 ignis
983 3347 1094 3410 eram.'

320 3446 374 3511 cui
391 3449 546 3512 Nemesis
563 3449 679 3532 ‘quid’
698 3449 743 3512 ait
761 3450 835 3512 ‘tibi
852 3461 931 3513 sunt
947 3470 1022 3514 mea
1037 3450 1160 3513 damna
1177 3450 1305 3514 dolori?

364 3571 417 3615 me
433 3552 541 3616 tenuit
557 3552 700 3615 moriens
716 3553 890 3617 deficiente
907 3555 1028 3617 manu!

321 3655 349 3719 si
363 3665 476 3719 tamen
493 3676 512 3719 e
528 3656 623 3719 nobis
639 3657 764 3738 aliquid
781 3658 844 3720 nisi
859 3677 983 3722 nomen
998 3667 1033 3722 et
1047 3657 1166 3722 'umbra

757 3762 816 3832 176
