2908 4284
466 846 613 913 LIBER
642 839 850 908 TERTIVS

651 1040 666 1102 I

195 1188 317 1253 Martis
334 1185 478 1251 Romani
493 1186 602 1248 festae
617 1199 739 1244 venere
755 1176 940 1240 kalendae:

238 1291 390 1355 exoriens
406 1289 527 1352 nostris
544 1287 597 1348 hic
613 1285 677 1346 luit
692 1301 800 1345 annus
816 1278 904 1342 avis:

195 1405 230 1460 et
244 1414 331 1475 vaga
346 1413 435 1456 nunc
451 1400 543 1454 certa
559 1389 748 1452 discurrunt
765 1384 911 1464 undique
928 1398 1052 1463 pompa

240 1517 366 1581 perque
382 1496 452 1559 vias
467 1495 558 1557 urbis
574 1509 711 1554 munera
728 1505 854 1571 perque
871 1486 996 1548 domos.

198 1602 307 1677 dicite,
325 1600 480 1675 Pierides,
498 1615 644 1679 quonam
660 1595 801 1657 donetur
817 1591 944 1654 honore

242 1726 301 1770 seu
318 1726 401 1781 mea,
418 1725 477 1769 seu
492 1705 599 1779 fallor,
617 1722 693 1766 cara
712 1702 843 1764 Neaera
858 1708 980 1762 tamen.

168 1813 170 1816 ’
198 1810 346 1874 carmine
361 1809 537 1884 formosae,
555 1807 661 1889 pretio
678 1804 855 1887 capiuntur
870 1819 1010 1864 avarae:

243 1914 396 1995 gaudeat,
413 1923 450 1976 ut
465 1912 568 1993 digna
584 1921 644 1987 est,
661 1908 812 1973 versibus
827 1907 884 1970 illa
900 1906 991 1968 meis.

198 2017 289 2082 lutea
304 2016 363 2080 sed
378 2016 512 2079 niveum
528 2015 675 2079 involvat
691 2012 885 2077 membrana
900 2007 1057 2082 libellum,

242 2120 387 2203 pumicet
403 2130 436 2184 et
451 2139 552 2182 canas
568 2118 704 2182 tondeat
720 2127 797 2180 ante
813 2133 926 2179 comas

200 2244 396 2306 summaque
411 2232 583 2305 praetexat
598 2222 706 2285 tenuis
723 2220 858 2301 fastigia
872 2219 1007 2282 chartae

244 2327 368 2390 indicet
384 2336 420 2390 ut
435 2346 556 2390 nomen
572 2324 681 2389 littera
697 2325 788 2387 iacta
803 2343 923 2399 meum,

200 2441 301 2513 atque
316 2431 402 2493 inter
417 2429 567 2511 geminas
584 2429 764 2511 pingantur
780 2447 905 2492 cornua
919 2428 1066 2490 frontes:

245 2533 292 2597 sic
308 2533 431 2597 etenim
447 2543 616 2614 comptum
634 2533 764 2595 mittere
781 2540 912 2614 oportet
927 2549 1021 2611 opus.

187 2656 262 2720 ·per
275 2657 345 2713 vos,
362 2646 514 2700 auctores
530 2637 627 2699 huius
645 2635 723 2698 mihi
739 2634 903 2710 carminis,
920 2654 977 2698 oro

247 2740 491 2822 Castaliamque
507 2739 657 2803 umbram
675 2740 864 2823 Pieriosque
879 2738 981 2814 lacus,

202 2842 248 2907 ite
263 2843 398 2906 domum
415 2843 605 2926 cultumque
620 2842 667 2906 illi
682 2844 804 2908 donate
821 2841 968 2906 libellum

247 2945 333 3010 sicut
347 2948 427 3010 erit:
450 2947 562 3010 nullus
577 2947 701 3011 defluat
716 2948 794 3011 inde
809 2946 907 3010 color.

202 3049 260 3112 illa
275 3049 356 3112 mihi
371 3051 503 3126 referet,
521 3051 549 3113 si
564 3052 669 3115 nostri
686 3060 800 3113 mutua
816 3069 895 3113 cura
911 3058 972 3124 est,

111 3182 145 3218 ιο
247 3173 290 3216 an
306 3153 422 3230 minor,
439 3175 482 3216 an
499 3164 569 3218 toto
586 3163 720 3236 pectore
736 3153 924 3217 deciderim.

205 3256 264 3320 sed
280 3258 424 3338 primum
441 3258 593 3321 meritam
609 3257 703 3338 larga
717 3256 840 3320 donate
856 3256 962 3319 salute

249 3370 347 3442 atque
363 3361 447 3424 haec
464 3360 629 3424 submisso
644 3359 744 3422 dicite
758 3360 860 3423 verba
876 3377 978 3422 sono:

207 3463 309 3526 ‘haec
324 3464 384 3528 tibi
398 3464 448 3527 vir
463 3464 642 3546 quondam,
660 3483 748 3526 nunc
764 3464 878 3537 frater,
896 3473 987 3525 casta
1004 3463 1146 3538 Neaera,

251 3566 349 3630 mittit
364 3577 398 3631 et
413 3567 558 3648 accipias
575 3586 713 3629 munera
729 3586 832 3647 parva
846 3576 952 3646 rogat,

115 3699 147 3752 ²5
208 3679 309 3752 teque
324 3672 392 3733 suis
407 3671 492 3733 iurat
508 3690 620 3732 caram
636 3668 743 3751 magis
758 3689 833 3732 esse
849 3653 1010 3743 medullis,

646 3791 705 3856 Ι49
