2908 4284
226 294 248 342 1,
261 293 283 339 2,
294 275 325 341 6]
690 283 861 334 TIBVLLVS

350 447 516 511 clauditur
531 456 565 510 et
580 447 664 510 dura
679 447 779 510 ianua
795 448 890 510 firma
906 467 990 512 sera.

307 552 407 613 ianua
423 549 565 613 difficilis
581 550 715 626 domini,
733 547 934 614 te'verberet
949 550 1064 628 imber,

351 663 384 718 te
401 654 491 717 Iovis
507 653 647 735 imperio
663 654 805 716 fulmina
821 654 922 716 missa
939 663 1064 735 petant.

307 757 415 832 ianua,
432 758 497 820 iam
515 767 630 839 pateas
646 757 704 819 uni
720 756 810 832 mihi,
826 759 914 820 victa
930 757 1095 839 querellis,

223 887 252 924 10
350 881 414 925 neu
431 859 545 924 furtim
562 880 659 924 verso
676 861 810 923 cardine
826 870 942 942 aperta
959 880 1066 924 sones.

307 975 341 1029 et
356 965 444 1027 mala
460 965 488 1028 si
504 985 570 1046 qua
586 965 646 1028 tibi
662 963 744 1026 di'xit
760 964 929 1027 dementia
944 974 1068 1040 nostra,

350 1067 524 1148 ignoscas:
548 1067 650 1150 capiti
666 1066 733 1131 sint
750 1087 868 1149 precor
883 1067 939 1130 illa
955 1089 1050 1152 me0.¹

306 1181 340 1234 te
357 1173 547 1235 meminisse
562 1171 659 1235 decet
677 1191 762 1253 quae
780 1171 922 1253 plurima
935 1192 1017 1236 voce
1033 1173 1149 1254 peregi

350 1274 510 1357 supplice,
528 1295 604 1338 cum
620 1276 708 1356 posti
725 1274 841 1337 florida
857 1285 945 1338 serta
960 1275 1084 1339 darem.

222 1403 251 1458 ις
306 1389 341 1442 tu
358 1399 490 1460 quoque
506 1399 549 1442 ne
564 1379 678 1443 timide
696 1379 861 1454 custodes,
881 1378 988 1455 Delia,
1005 1379 1106 1456 falle;

350 1481 541 1545 audendum
557 1491 627 1545 est:
651 1482 755 1545 fortes
773 1481 907 1545 adiuvat
922 1483 995 1564 ipsa
1010 1483 1137 1547 Venus.

306 1585 363 1647 illa
379 1585 479 1660 iavet,
497 1605 555 1648 seu
572 1585 645 1667 quis
661 1585 790 1649 iuvenis
806 1606 894 1650 nova
910 1585 1023 1648 limina
1038 1595 1189 1669 temptat,

350 1708 409 1751 seu
426 1699 552 1752 reserat
568 1689 631 1752 lixo
648 1689 748 1752 dente
767 1689 879 1771 puella
893 1690 1002 1753 iores:

306 1767 363 1854 illa
379 1792 476 1854 docet
492 1792 583 1855 molli
600 1792 715 1855 furtim
732 1792 893 1875 derepere
909 1793 1004 1868 lectu,

220 1921 251 1958 20
349 1895 405 1957 illa
421 1895 541 1977 pedem
557 1895 649 1958 nullo
666 1915 791 1978 ponere
809 1917 908 1977 posse
924 1904 1034 1972 son0,'

306 1997 364 2060 illa
378 1999 448 2060 viro
464 2018 576 2062 coram
593 2009 694 2063 nutus
710 1999 863 2063 conferre
880 2000 1036 2081 loquaces

349 2100 539 2184 blandaque
555 2103 747 2183 compositis
764 2102 887 2167 abdere
902 2104 1004 2167 verba
1019 2105 1116 2169 notis.

307 2224 369 2267 nec
385 2205 482 2269 docet
498 2205 561 2268 boc
578 2225 703 2281 omnes,
721 2205 780 2269 sed
796 2226 880 2288 quos
896 2227 958 2270 nec
973 2207 1093 2270 inertia
1108 2207 1217 2270 tardat

351 2328 412 2371 nec
428 2318 520 2372 vetat
535 2307 677 2372 obscura
693 2329 831 2389 surgere
847 2319 946 2373 nocte
961 2312 1068 2373 timor.

220 2437 250 2490 25
305 2431 347 2475 en
363 2431 427 2493 ego
443 2431 518 2474 cum
534 2411 681 2475 tenebris
696 2421 767 2476 tota
783 2433 886 2494 vagor
901 2414 1019 2477 anxius
1034 2414 1125 2490 urbe,

374 2517 393 2554 U
526 2520 545 2556 ff
677 2523 696 2560 U
828 2522 848 2562 ὕ
981 2522 1000 2558 ff
1133 2519 1152 2555 ff

220 2645 267 2699 252
306 2639 368 2682 nec
386 2619 464 2682 sinit
478 2629 632 2683 occurrat
647 2620 823 2702 quisquam
840 2621 897 2701 qui
913 2639 1053 2702 corpora
1067 2619 1156 2683 ferro
1172 2646 1175 2661 =

350 2723 502 2786 vulneret
518 2731 575 2785 aut
591 2733 687 2803 rapta
704 2723 852 2804 praemia
869 2733 962 2787 veste
978 2713 1095 2804 petat(

200 2817 202 2822 ’
307 2825 456 2908 quisquis
471 2846 584 2888 amore
600 2835 734 2889 tenetur
749 2836 804 2889 eat
819 2835 976 2908 tutusque
993 2846 1154 2910 sacerque

350 2929 515 3011 qualibet:
539 2929 675 2992 insidias
693 2949 760 2992 non
776 2929 926 2994 timuisse
941 2930 1046 2993 decet.

307 3053 373 3097 non
391 3032 471 3095 mihi
488 3034 584 3114 pigra
600 3042 722 3096 nocent
739 3033 896 3096 hibernae
913 3033 1039 3115 frigora
1054 3032 1170 3109 noctis,

220 3163 252 3214 30
349 3156 415 3199 non
433 3135 522 3211 mibi,
540 3156 614 3199 cum
634 3136 737 3198 multa
752 3136 875 3200 decidit
891 3136 995 3199 imber
1011 3156 1106 3218 aqua.

307 3259 374 3302 non
391 3238 483 3302 labor
500 3238 553 3318 hic
570 3239 680 3314 laedit,
696 3249 821 3303 reseret
838 3240 937 3302 modo
955 3239 1052 3303 Delia
1069 3249 1182 3322 postes

351 3351 384 3405 et
399 3351 495 3405 vocet
511 3342 553 3404 ad
569 3341 663 3422 digiti
679 3361 732 3405 me
748 3343 912 3406 taciturna
928 3363 1056 3406 sonum.

308 3445 433 3528 parcite
450 3445 638 3521 luminibus,
657 3465 716 3508 seu
732 3445 782 3509 vir
798 3467 856 3509 seu
872 3446 998 3509 femina
1013 3447 1071 3509 fiat

351 3549 467 3612 obvia:
492 3547 592 3611 celari
606 3549 677 3611 vult
694 3568 753 3610 sua
769 3549 858 3612 furta
874 3551 999 3614 Venus.

221 3680 251 3732 35
307 3672 373 3716 neu
389 3650 529 3734 strepitu
544 3661 666 3716 terrete
682 3652 813 3734 pedum,
832 3672 896 3715 neu
914 3652 1062 3735 quaerite
1078 3673 1211 3731 nomen,

738 3782 798 3829 110
