2908 4284
529 276 635 325 nrnnn
657 275 817 338 Qvanrvs
1104 270 1221 338 [4‚1‚⁸9
1335 245 1339 254 ⁵

210 440 299 504 vexit
315 451 349 505 et
365 441 501 504 Aeolios
519 441 684 523 placidum
701 456 761 522 per
778 441 888 504 Nerea
903 449 1037 503 ventos:
1125 523 1129 531 .

210 545 354 607 incultos
370 543 451 608 adiit
468 545 716 627 Laestrygonas
733 543 1019 626 Antiphatenque,

117 660 152 710 60
210 647 333 711 nobilis
347 647 484 711 Artacie
499 647 611 728 gelida
626 666 710 728 quos
725 647 841 727 irrigat
856 647 961 712 unda:

213 751 319 814 solum
337 770 398 814 nec
414 751 532 814 doctae
548 759 719 813 verterunt
736 749 855 831 pocula
871 750 993 826 Circes,

143 933 148 941 ι
212 853 364 936 quamvis
380 853 436 916 illa
449 853 538 916 foret
555 852 641 918 Solis
657 872 774 933 genuS,
792 863 871 934 apta
886 853 941 920 vel
955 853 1067 916 herbis

212 967 359 1039 aptaque
374 957 429 1020 vel
443 965 544 1020 cantu
559 966 690 1020 veteres
707 967 835 1020 mutare
851 958 993 1038 figuras:

176 1081 178 1085 ·
214 1061 416 1126 Cimmerion
433 1062 532 1124 etiam
549 1060 707 1124 obscuras
724 1061 864 1124 accessit
879 1060 921 1122 ad
937 1061 1032 1136 arcis,

212 1165 286 1247 quis
302 1184 483 1247 numquam
500 1164 665 1227 candente
681 1164 752 1226 dies
768 1163 923 1245 apparuit
938 1174 1021 1239 ortu,

213 1288 272 1332 seu
288 1288 389 1350 supra
404 1277 510 1332 terras
528 1267 681 1331 Phoebus
699 1288 757 1330 seu
774 1276 920 1330 curreret
935 1268 1037 1330 inira:

212 1371 303 1447 vidit,
320 1381 356 1435 ut
371 1371 505 1434 inferno
524 1371 671 1434 Plutonis
684 1370 820 1433 'subdita
835 1390 940 1452 regno

212 1495 335 1557 magna
350 1476 449 1538 deum
466 1474 577 1557 proles
593 1473 722 1536 levibus
737 1474 936 1537 discurreret
952 1475 1087 1549 umbris,

212 1580 447 1662 praeteriitque
463 1578 529 1642 cita
547 1577 702 1641 Sirenum
719 1578 815 1640 litora
831 1578 946 1660 puppi.

210 1683 302 1748 illum
317 1683 406 1746 inter
420 1681 575 1762 geminae
590 1691 726 1744 nantem
744 1681 887 1744 confinia
902 1681 1017 1745 mortis

212 1805 275 1849 nec
292 1786 424 1870 Scyllae
440 1805 540 1850 saevo
556 1785 738 1848 conterruit
753 1786 898 1866 impetus
913 1804 979 1862 ore,

212 1909 287 1953 cum
303 1889 441 1953 canibus
458 1889 591 1971 rapidas
607 1888 694 1952 inter
709 1889 782 1951 fera
798 1899 946 1970 serperet
961 1888 1078 1964 undas,

211 2013 274 2056 nec
289 1993 435 2057 violenta
450 2013 511 2056 suo
527 1991 734 2074 consumpsit
752 2011 843 2055 more
860 1991 1056 2076 Charybdis,

211 2097 266 2160 vel
281 2095 309 2158 si
325 2085 474 2162 sublimis
490 2096 594 2160 fluctu
610 2105 827 2178 consurgeret
843 2094 918 2170 imo,

211 2200 264 2263 vel
281 2199 308 2262 si
323 2201 508 2282 interrupto
524 2200 666 2263 nudaret
682 2201 814 2280 gurgite
831 2209 979 2281 pontum.

212 2323 281 2366 non
295 2303 417 2370 violata
431 2304 510 2385 vagi
526 2303 686 2368 sileantur
701 2322 826 2384 pascua
844 2303 939 2377 Solis,

212 2427 279 2470 non
297 2427 388 2469 amor
404 2418 438 2474 et
452 2407 599 2472 fecunda
615 2405 808 2469 Atlantidos
824 2426 902 2469 arva
918 2406 1094 2491 Calypsus

212 2511 287 2573 finis
303 2519 336 2573 et
351 2510 470 2578 erroris
486 2510 598 2576 miseri
616 2508 779 2573 Phaeacia
794 2510 902 2574 tellus.
1121 2581 1122 2584 Ἴ

212 2623 312 2697 atque
328 2614 410 2677 haec
426 2633 487 2677 seu
502 2623 633 2677 nostras
648 2615 734 2676 inter
750 2622 828 2675 sunt
843 2615 978 2694 cognita
993 2623 1108 2689 terras,

211 2717 325 2780 fabula
341 2718 409 2780 sive
425 2737 548 2784 novum
567 2717 659 2780 dedit
676 2717 727 2778 his
743 2716 908 2779 erroribus
924 2715 1048 2791 orbem,

213 2822 256 2883 sit
271 2821 363 2884 labor
378 2820 474 2895 illius,
491 2830 547 2883 tua
564 2821 643 2883 dum
660 2819 826 2894 facundia,
844 2817 956 2882 maior.

256 2944 333 2987 nam
349 2935 382 2988 te
399 2944 464 2986 non
482 2924 567 2987 alius
583 2924 661 2987 belli
677 2930 769 2987 teuet
785 2923 895 3004 aptius
911 2933 1009 2999 artes,

213 3047 278 3110 qua
294 3028 411 3091 deceat
426 3036 531 3090 tutam
548 3027 664 3091 castris
681 3027 884 3108 praeducere
900 3025 1036 3104 fossam,

212 3132 353 3212 qualiter
368 3131 526 3195 adversos
542 3131 630 3195 hosti
646 3131 791 3211 defigere
807 3150 932 3206 cervos

212 3254 353 3316 quemve
370 3236 479 3298 locum
495 3235 595 3299 ducto
612 3225 730 3299 melius
748 3234 791 3298 sit
805 3235 960 3299 claudere
974 3234 1070 3310 vallo,

197 3337 360 3400 ‘lontibus
377 3348 414 3401 ut
430 3338 545 3401 dulces
561 3348 715 3419 erumpat
730 3348 818 3402 terra
839 3338 992 3420 liquores,

211 3450 249 3505 ut
264 3440 436 3523 facilisque
452 3442 517 3504 tuis
533 3441 642 3504 aditus
659 3440 702 3504 sit
717 3450 750 3504 et
766 3442 889 3505 arduus
906 3442 1001 3516 hosti,

210 3544 318 3608 laudis
334 3555 369 3608 et
383 3545 522 3607 adsiduo
537 3546 649 3625 vigeat
665 3546 846 3608 certamine
862 3545 964 3620 miles,

208 3647 285 3732 quis
301 3647 472 3710 tardamve
489 3647 605 3710 sudem
622 3647 740 3711 melius
757 3648 940 3711 celeremve
957 3651 1112 3730 sagittam

646 3757 702 3819 161
