2908 4284
246 289 307 344 2,5,
321 277 380 342 107]
715 273 884 324 'rrssvuuvs

334 459 387 503 ars
403 437 509 502 bona:
533 439 592 501 sed
609 447 785 521 postquam
803 438 945 519 sumpsit
957 436 1019 500 sibi
1035 436 1101 501 tela
1118 435 1259 518 Cupido,

378 545 443 606 heu
461 543 525 604 heu
542 562 641 623 quam
660 541 771 604 multis
787 561 840 604 ars
856 541 948 604 dedit
964 540 1020 602 illa
1036 539 1178 602 malum!

334 657 367 711 et
384 647 463 710 mihi
480 646 666 727 praecipue.
714 646 807 708 iaceo
824 665 899 708 cum
917 643 1049 706 saucius
1065 662 1190 705 annum

249 780 294 815 110
376 761 410 816 et
425 752 525 814 faveo
544 748 668 824 morbo,
686 768 761 812 cum
778 750 870 812 iuvat
887 749 959 830 ipse
975 747 1078 822 dolor,

334 875 438 938 usque
454 875 539 918 cano
558 854 740 928 Nemesim,
759 852 830 915 sine
846 872 912 933 qua
928 870 1044 914 versus
1061 849 1142 912 mihi
1157 849 1268 914 nullus

377 959 478 1022 verba
495 968 605 1040 potest
621 957 724 1019 iustos
742 966 799 1018 aut
815 956 960 1036 reperire
977 954 1088 1036 pedes.

334 1072 368 1126 at
383 1073 420 1126 tu
434 1062 526 1145 (nam
544 1063 656 1126 divum
674 1073 788 1136 servat
801 1062 906 1124 tutela
921 1058 1054 1142 poetas)

377 1185 588 1248 praemone0,
605 1166 673 1230 vati
689 1185 798 1248 parce,
817 1165 938 1246 puella,
957 1183 1061 1239 sacro,

249 1295 293 1349 115
334 1280 370 1333 ut
388 1271 606 1333 Messalinum
624 1269 798 1344 celebrem,
817 1288 894 1331 cum
912 1266 1060 1351 praemia
1075 1265 1154 1331 belli

376 1385 454 1454 artte
470 1395 548 1438 suos
564 1394 679 1438 currus
696 1375 820 1456 oppida
836 1376 924 1438 victa
941 1375 1036 1450 feret,

333 1479 406 1560 ipse
422 1498 543 1560 gerens
559 1478 679 1554 lauros,
697 1479 789 1542 lauro
807 1478 981 1542 devinctus
1004 1478 1127 1560 agresti

378 1583 472 1645 miles
490 1582 559 1645 ‘io'
577 1601 700 1663 magna
716 1602 798 1645 voce
815 1582 1021 1663 ‘triumphe‘
1039 1591 1146 1645 canet.

333 1695 414 1749 tunc
431 1685 592 1749 Messalla
608 1705 702 1749 meus
718 1686 773 1767 pia
789 1686 844 1749 det
861 1685 1052 1767 spectacula
1067 1685 1184 1751 turbae

249 1817 294 1852 120
377 1800 410 1852 et
426 1788 564 1870 plaudat
578 1808 676 1851 curru
693 1797 925 1870 praetereunte
942 1798 1046 1871 pater.

334 1892 459 1956 adnue:
484 1893 531 1955 sic
547 1891 607 1954 tibi
623 1893 689 1956 sint
704 1891 836 1965 intonsi,
857 1891 1000 1967 Phoebe,
1017 1891 1138 1975 capilli,

378 1997 424 2058 sic
441 2005 498 2058 tua
514 2005 676 2078 perpetuo
693 1997 735 2058 sit
751 1995 810 2058 tibi
827 2005 919 2058 casta
935 2015 1039 2059 soror.

794 2206 824 2299 6

335 2410 454 2475 Castra
471 2412 588 2474 Macer
603 2412 767 2494 sequitur:
792 2420 907 2474 tenero
925 2411 1004 2494 quid
1021 2412 1077 2475 fiet
1093 2410 1232 2475 Amori?

379 2513 421 2578 sit
436 2535 548 2579 comes
564 2524 597 2578 et
612 2516 698 2579 collo
715 2515 845 2578 fortiter
862 2534 955 2578 arma
970 2515 1084 2595 gerat?

292 2611 297 2621 ’
335 2630 369 2681 et
385 2637 443 2680 seu
460 2618 560 2698 longa
575 2619 682 2680 virum
699 2627 807 2680 terrae
823 2619 878 2681 via
893 2638 952 2681 seu
968 2638 1055 2699 vaga
1071 2618 1195 2681 ducent

378 2741 533 2803 aequora,
547 2741 623 2784 cum
639 2722 713 2784 telis
729 2721 771 2783 ad
789 2721 875 2784 latus
890 2723 937 2784 ire
953 2722 1061 2785 volet?

337 2843 404 2900 ure,
422 2844 513 2906 puer,
530 2844 665 2905 quaeso,
682 2833 739 2886 tua
755 2824 812 2906 qui
828 2826 919 2888 ferus
931 2826 998 2887 otia
1014 2824 1116 2908 liquit,

380 2937 479 3010 atque
495 2927 614 2992 iterum
631 2948 781 2992 erronem
800 2928 862 2992 sub
879 2937 937 2991 tua
953 2929 1049 3010 signa
1064 2948 1157 2992 voca.
1237 2995 1240 3004 Δ

336 3031 425 3112 quod
442 3031 469 3094 si
485 3030 643 3095 militibus
661 3052 788 3113 parces,
806 3032 868 3096 erit
884 3033 938 3095 hic
954 3052 1085 3115 quoque
1100 3031 1195 3095 miles

379 3135 451 3215 ipse
467 3135 573 3198 levem
591 3136 687 3216 galea
703 3137 760 3217 qui
776 3135 838 3198 sibi
854 3144 964 3216 portet
980 3155 1109 3219 aquam.

335 3248 444 3302 castra
461 3248 549 3319 pet0,
566 3239 742 3321 valeatque
757 3239 873 3302 Venus
889 3240 1088 3321 valeantque
1104 3238 1253 3320 puellae:

251 3367 280 3404 ro
378 3350 412 3404 et
428 3342 509 3403 mihi
526 3351 603 3406 sunt
619 3342 705 3405 vires
722 3351 755 3406 et
771 3343 851 3405 mihi
871 3342 961 3406 facta
976 3342 1057 3406 tuba
1072 3351 1134 3405 est.

336 3464 459 3526 magna
476 3446 600 3528 loquor,
615 3446 673 3508 sed
690 3445 864 3526 magnifice
881 3445 962 3507 mihi
978 3466 1100 3527 magna
1117 3446 1227 3509 locuto

380 3552 551 3612 excutiunt
566 3549 699 3611 clausae
715 3548 816 3612 fortia
830 3548 933 3611 verba
948 3548 1047 3612 fores.

286 3699 288 3702 -
336 3653 440 3716 iuravi
456 3654 610 3735 quotiens
626 3651 806 3714 rediturum
824 3651 866 3714 ad
881 3651 997 3714 limina
1013 3652 1200 3735 nunquam!

763 3756 823 3831 146
