2908 4284
547 311 652 362 risun
675 293 806 362 rmnvs
933 269 936 274 ¹
1134 303 1234 372 [ης

212 498 266 541 me
282 477 426 541 retinent
441 477 589 540 vinctum
607 476 775 540 formosae
790 474 901 540 vincla
916 475 1058 559 puellae,

257 590 290 645 et
306 581 406 644 sedeo
422 580 522 643 duras
537 580 658 643 ianitor
675 588 753 643 ante
769 580 867 644 fores.

212 705 280 748 non
296 705 360 766 ego
376 684 504 747 laudari
520 703 609 759 curo,
624 703 701 747 mea
720 683 837 747 Delia:
861 693 971 748 tecum
990 704 993 710 ·

257 788 337 851 dum
353 787 451 852 modo
468 786 539 863 sim,
556 806 681 870 quaeso
697 789 810 869 segnis
825 787 981 870 inersque
995 807 1104 852 vocer.

212 903 248 956 te
263 901 422 974 spectem,
439 910 596 973 suprema
612 890 694 953 mihi
709 912 785 955 cum
801 891 929 956 venerit
944 892 1035 968 hora,

256 1005 290 1059 te
305 1005 437 1059 teneam
454 994 598 1058 moriens
611 987 786 1059 deficiente
803 1016 913 1060 manu.

214 1091 309 1163 flebis
324 1108 358 1162 et
374 1109 488 1161 arsuro
505 1098 649 1179 positum
667 1118 730 1173 me,
750 1099 857 1175 Delia,
876 1099 972 1175 lecto,

259 1203 407 1266 tristibus
423 1211 456 1266 et
471 1201 615 1266 lacrimis
631 1201 745 1264 oscula
762 1204 862 1267 mixta
877 1203 981 1266 dabis.

215 1307 328 1371 flebis:
352 1327 419 1370 non
434 1315 492 1370 tua
508 1315 586 1369 sunt
602 1306 686 1370 duro
702 1305 896 1388 praecordia
911 1307 1001 1370 ferro

257 1411 378 1486 vincta,
395 1430 457 1473 nec
473 1412 507 1472 in
523 1419 640 1474 tenero
656 1420 722 1474 stat
738 1410 798 1474 tibi
813 1410 912 1474 corde
928 1410 1019 1474 silex.

213 1515 270 1578 illo
286 1535 353 1578 non
369 1513 498 1578 iuvenis
515 1515 637 1597 poterit
653 1515 696 1577 de
712 1515 830 1577 funere
849 1513 1024 1596 quisquam

259 1619 394 1694 lumina,
411 1637 480 1682 non
496 1620 599 1699 virge,
618 1617 706 1681 sicca
722 1619 847 1681 referre
863 1617 1009 1682 domurn.

215 1731 252 1786 tu
268 1742 382 1786 manes
399 1742 441 1786 ne
457 1722 553 1786 laede
569 1742 670 1797 meos,
688 1721 746 1785 sed
763 1740 863 1804 parce
879 1720 995 1785 solutis

259 1813 405 1890 crinibus
421 1835 455 1890 et
470 1827 603 1901 teneris,
623 1825 730 1901 Delia,
748 1844 848 1907 parce
864 1823 970 1906 genis.

216 1928 353 2006 interea,
370 1929 449 1992 dum
466 1929 537 1994 fata
552 1930 675 2004 sinunt,
691 1929 869 2010 iungamus
884 1946 1030 1992 amores:

259 2035 325 2097 iam
340 2035 454 2098 veniet
469 2032 614 2097 tenebris
633 2033 726 2096 Mors
743 2031 903 2114 adoperta
920 2040 1036 2114 caput:

217 2137 283 2200 iarn
300 2136 458 2219 subrepet
473 2137 563 2200 iners
580 2146 680 2212 aetas,
698 2155 760 2199 nec
776 2154 888 2197 amare
904 2133 1043 2210 decebit,
1092 2163 1094 2168 ·

261 2240 372 2304 dicere
388 2260 450 2304 nec
466 2259 550 2303 cano
565 2238 742 2302 blanditias
758 2237 876 2320 capite.

217 2365 308 2409 nunc
324 2345 406 2408 levis
422 2353 473 2408 est
489 2343 664 2408 tractanda
680 2343 805 2417 Venus,
823 2341 902 2404 dum
919 2341 1077 2422 frangere
1094 2349 1206 2423 postes

262 2468 328 2512 non
346 2448 449 2531 pudet
463 2457 498 2511 et
512 2446 599 2509 rixas
615 2445 793 2510 inseruisse
808 2445 911 2509 iuvat.

218 2553 271 2616 hic
287 2572 351 2633 ego
367 2551 435 2615 dux
450 2551 611 2633 milesque
627 2548 754 2612 bonus:
776 2568 847 2625 vos,
865 2549 962 2629 signa
976 2548 1152 2628 tubaeque,

262 2657 308 2719 ite
324 2654 449 2738 procul,
466 2653 597 2736 cupidis
612 2654 750 2716 vulnera
766 2651 852 2715 ferte
867 2650 965 2713 viris:

217 2759 305 2823 ferte
320 2768 354 2822 et
370 2776 472 2840 opes:
495 2777 559 2838 ego
574 2756 758 2839 composito
776 2773 911 2818 securus
927 2772 1047 2817 acervo
1069 2809 1071 2814 .

262 2861 445 2945 despiciam
461 2861 546 2924 dites
562 2858 810 2941 despiciamque
826 2858 961 2921 famem.

670 3111 696 3176 2

222 3281 321 3346 Adde
337 3301 464 3346 merum
481 3281 625 3362 vinoque
642 3298 746 3342 novos
763 3296 939 3358 compesce
956 3275 1096 3349 dolores,

265 3395 406 3468 occupet
422 3394 457 3447 ut
474 3385 554 3447 fessi
572 3381 696 3444 lumina
711 3381 799 3444 victa
815 3400 932 3460 sopor:

223 3509 287 3552 neu
304 3490 478 3570 quisquam
496 3487 599 3549 multo
616 3503 809 3568 percussum
826 3493 977 3562 tempora
995 3480 1127 3543 Baccho

267 3593 395 3668 excitet,
412 3593 528 3655 infelix
544 3591 624 3652 dum
641 3585 819 3670 requiescit
834 3605 935 3648 amor.

151 3725 164 3780 5
224 3716 303 3759 nam
318 3697 427 3780 posita
443 3704 495 3758 est
509 3703 642 3757 nostrae
658 3691 808 3755 custodia
825 3708 925 3752 saeva
942 3689 1081 3770 puellae,

660 3814 720 3878 109
