2908 4284
159 253 161 256 Ι
234 305 253 348 1,
268 306 289 356 7,
302 295 347 358 ⁶3]
706 296 874 344 TIBVLLVS

324 471 359 524 at
373 471 418 537 tu,
438 461 568 525 Natalis
585 461 706 525 multos
723 461 921 525 celebrande
939 480 998 543 per
1013 481 1129 538 annos,

367 564 537 628 candidior
553 584 685 647 semper
702 564 940 648 candidiorque
956 560 1042 628 veni.

771 801 800 894 8

325 980 403 1042 Non
420 999 484 1060 ego
500 978 600 1042 celari
616 998 752 1060 possum
770 979 849 1062 quid
865 990 966 1043 nutus
982 980 1125 1045 amantis

367 1082 487 1164 quidve
504 1082 614 1146 ierant
631 1083 701 1145 miti
718 1082 804 1146 lenia
819 1084 921 1147 verba
938 1104 1029 1148 sono.

323 1205 385 1248 nec
402 1185 481 1247 mihi
497 1196 575 1249 sunt
591 1195 697 1248 sortes
712 1205 775 1250 nec
791 1186 924 1249 conscia
941 1187 1023 1249 fibra
1038 1187 1185 1264 deorum,

367 1289 528 1376 praecinit
544 1297 683 1352 eventus
699 1309 761 1352 nec
778 1290 859 1351 mihi
875 1300 992 1353 cantus
1009 1290 1097 1353 avis:

323 1392 397 1474 ipsa
412 1392 528 1455 Venus
545 1391 675 1473 magico
691 1393 867 1474 religatum
886 1394 1041 1457 bracchia
1056 1394 1144 1458 nodo

368 1495 539 1577 perdocuit
554 1496 666 1559 multis
683 1515 749 1559 non
767 1497 838 1560 sine
854 1497 1056 1561 verberibus.

323 1599 438 1663 desine
454 1599 681 1662 dissimulare:
705 1600 788 1664 deus
804 1601 971 1664 crudelius
986 1602 1052 1664 urit

366 1723 449 1786 quos
465 1703 555 1766 videt
569 1704 690 1766 invitos
707 1705 921 1768 succubuisse
937 1704 1009 1767 sibi.

323 1807 401 1890 quid
418 1808 476 1870 tibi
493 1828 581 1871 nunc
599 1808 715 1872 molles
733 1808 869 1891 prodest
884 1809 1025 1872 coluisse
1041 1810 1179 1892 capillos

364 1931 531 1993 saepeque
548 1922 692 1975 mutatas
709 1912 912 1994 disposuisse
927 1933 1049 1989 comas,
1270 1984 1275 1994 ι

323 2015 402 2096 quid
418 2016 496 2079 fuco
512 2016 711 2098 splendente
729 2036 833 2097 genas
849 2037 976 2092 ornare,
994 2017 1073 2099 quid
1088 2035 1219 2098 ungues

366 2119 499 2182 artificis
515 2120 613 2183 docta
630 2120 839 2184 subsecuisse
856 2121 978 2183 manu?

321 2221 446 2285 frustra
460 2222 525 2285 iam
542 2233 661 2300 vestes,
680 2223 805 2287 frustra
822 2234 991 2287 mutantur
1007 2225 1148 2287 amictus

365 2346 513 2408 ansaque
528 2347 737 2409 compressos
755 2328 890 2409 colligat
906 2337 977 2391 arta
994 2327 1107 2409 pedes.

321 2427 376 2491 illa
393 2429 511 2511 placet,
528 2431 678 2513 quamvis
696 2431 820 2494 inculto
836 2431 965 2495 venerit
980 2451 1036 2494 ore

366 2552 427 2596 nec
443 2533 583 2596 nitidum
598 2535 693 2597 tarda
711 2535 890 2617 compserit
905 2544 975 2597 arte
991 2545 1100 2616 caput.

322 2655 401 2696 num
417 2645 451 2700 te
467 2637 675 2712 carminibus,
693 2658 772 2700 num
789 2648 822 2701 te
838 2638 1040 2720 pallentibus
1056 2637 1167 2702 herbis

366 2739 499 2803 devovit
515 2740 615 2805 tacito
632 2751 782 2823 tempore
799 2744 906 2806 noctis
922 2742 1029 2805 anus?

323 2852 440 2905 cantus
455 2843 572 2906 vicinis
588 2845 703 2924 fruges
721 2846 864 2909 traducit
880 2845 921 2908 ab
938 2847 1035 2926 agris,

365 2957 483 3010 cantus
499 2956 533 3009 et
548 2948 653 3010 iratae
669 2948 797 3011 detinet
813 2949 932 3029 anguis
948 2950 1020 3025 iter,

323 3058 440 3112 cantus
457 3059 490 3112 et
506 3070 525 3112 e
540 3070 638 3114 curru
656 3051 789 3114 Lunam
806 3052 971 3116 deducere
986 3062 1138 3134 temptat,

366 3161 400 3216 et
415 3152 550 3229 faceret,
567 3153 596 3217 si
611 3175 678 3217 non
695 3174 773 3217 aera
788 3156 922 3238 repulsa
939 3167 1066 3219 sonent.

323 3255 401 3335 quid
418 3276 537 3337 queror
550 3258 614 3320 heu
632 3257 752 3321 misero
769 3279 901 3322 carmen
918 3259 1082 3334 nocuisse,
1096 3259 1174 3342 quid
1191 3258 1340 3323 herbas?

368 3349 474 3421 forma
491 3359 573 3422 nihil
589 3361 727 3440 magicis
744 3363 846 3426 utitur
862 3363 1010 3426 auxiliis:
1110 3363 1111 3366 ’

324 3460 383 3524 sed
399 3481 519 3544 corpus
534 3463 684 3544 tetigisse
700 3475 807 3540 nocet,
826 3465 884 3529 sed
901 3466 1001 3547 longa
1017 3467 1148 3530 dedisse

367 3564 489 3640 oscula,
508 3566 567 3628 sed
583 3567 702 3630 femori
718 3568 925 3632 conseruisse
941 3568 1059 3633 femur.

324 3686 386 3730 nec
402 3676 438 3731 tu
454 3667 595 3731 difficilis
611 3690 714 3752 puero
730 3681 842 3734 tamen
859 3692 933 3736 esse
950 3681 1135 3750 memento;

674 3818 676 3822 -
756 3783 816 3846 126
