2908 4284
538 303 644 353 LIBER
665 302 812 350 TERTIVS

213 469 306 544 dixit,
323 478 357 531 et
372 468 513 549 ignavus
529 465 664 529 defluxit
682 485 819 546 corpore
836 482 982 526 somnus.

260 593 280 636 a
295 592 359 653 ego
376 591 418 634 ne
435 573 559 653 possim
577 580 670 633 tanta
685 568 797 632 videre
814 568 910 630 mala.

214 696 278 739 nec
294 675 354 739 tibi
369 675 563 738 crediderim
582 672 668 737 votis
684 673 848 735 contraria
864 682 942 734 vota

259 799 322 842 nec
338 788 468 842 tantum
485 779 609 840 crimen
627 785 761 857 pectore
777 774 888 838 inesse
903 784 976 838 tuo:

214 902 294 946 nam
309 893 343 946 te
360 901 421 946 nec
438 880 524 944 vasti
539 889 728 961 genuerunt
744 898 887 960 aequora
904 876 998 959 ponti

259 1005 320 1049 nec
336 985 504 1048 flammam
518 983 657 1046 volvens
674 1003 730 1046 ore
748 981 926 1045 Chimaera
942 982 1014 1044 lero

214 1109 278 1153 nec
294 1089 385 1153 canis
401 1089 569 1170 anguinea
584 1086 756 1149 redimitus
772 1095 867 1168 terga
882 1095 1024 1160 caterva,

259 1195 312 1256 cui
326 1203 394 1256 tres
411 1202 488 1255 sunt
503 1191 638 1272 linguae
654 1191 942 1271 tergeminumque
958 1198 1068 1270 caput,

215 1296 394 1382 Scyllaque
409 1295 594 1377 virgineam
610 1294 749 1357 canibus
765 1294 933 1356 succincta
951 1293 1099 1373 figuram,

259 1409 370 1464 necte
386 1407 582 1480 conceptam
599 1417 699 1461 saeva
715 1397 831 1460 leaena
844 1396 927 1470 tulit,

214 1502 356 1566 barbara
371 1521 434 1565 nec
452 1501 610 1584 Scythiae
625 1500 724 1563 tellus
741 1500 948 1564 horrendave
964 1497 1081 1583 Syrtis,

259 1606 318 1670 sed
335 1606 425 1670 culta
439 1614 473 1669 et
488 1605 579 1668 duris
594 1625 662 1668 non
679 1603 860 1666 habitanda
876 1604 995 1666 domus

213 1719 249 1774 et
263 1709 363 1791 longe
379 1718 458 1772 ante
474 1708 555 1771 alias
571 1727 688 1771 omnes
704 1706 877 1770 mitissima
894 1715 999 1769 mater

258 1813 352 1895 isque
365 1821 461 1893 pater
477 1832 543 1893 quo
555 1831 622 1874 non
639 1811 722 1873 alter
737 1810 916 1873 amabilior.
1002 1797 1005 1804 ’

216 1917 300 1979 haec
317 1917 400 1978 deus
415 1916 449 1976 in
466 1915 582 1978 melius
599 1913 746 1978 crudelia
762 1913 891 1977 somnia
906 1920 1015 1977 vertat

258 2028 293 2083 et
307 2018 421 2082 iubeat
434 2017 567 2100 tepidos
583 2017 675 2081 irrita
690 2018 779 2080 ferre
797 2017 913 2080 Notos.

667 2269 690 2364 5

214 2445 289 2508 Vos
305 2453 397 2508 tenet
413 2441 562 2506 Etruscis
579 2451 693 2505 manat
709 2462 794 2524 quae
809 2440 959 2505 fontibus
974 2441 1073 2518 unda,

258 2547 349 2609 unda
365 2547 426 2610 sub
443 2546 604 2616 aestivum
623 2567 689 2608 non
706 2545 862 2608 adeunda
879 2545 1015 2620 Canem,

215 2670 304 2713 nunc
320 2660 431 2713 autern
448 2649 550 2713 sacris
568 2650 723 2712 Baiarum
740 2650 889 2730 proxima
905 2647 1059 2732 lymphis,

259 2772 334 2816 cum
351 2773 387 2816 se
403 2773 571 2834 purpureo
587 2772 664 2815 vere
681 2751 819 2815 remittit
835 2752 971 2814 humus:

216 2865 250 2918 at
266 2855 346 2918 mihi
364 2856 577 2938 Persephone
593 2854 723 2937 nigram
740 2855 914 2918 denuntiat
930 2855 1061 2918 horam:

259 2959 423 3022 immerito
439 2958 551 3022 iuveni
568 2978 667 3039 parce
682 2978 815 3034 nocere,
832 2959 904 3021 dea.

215 3082 284 3126 non
299 3082 364 3144 ego
379 3061 541 3144 temptavi
556 3062 638 3124 nulli
653 3062 847 3125 temeranda
862 3061 1007 3124 virorum

260 3165 368 3228 audax
384 3165 570 3229 laudandae
587 3186 681 3229 sacra
695 3165 816 3228 docere
832 3165 923 3239 deae,

216 3289 278 3332 nec
295 3289 370 3332 mea
386 3270 565 3332 mortiferis
582 3268 697 3333 infecit
714 3269 833 3350 pocula
849 3269 937 3331 sucis

260 3372 396 3436 dextera
412 3391 474 3435 nec
491 3373 644 3453 cuiquam
661 3372 737 3435 trita
754 3391 884 3434 venena
901 3371 1001 3446 dedit,

215 3494 278 3540 nec
295 3495 356 3540 nos
372 3474 525 3555 sacrilegi
540 3475 674 3556 templis
690 3475 898 3538 admovimus
915 3474 1020 3555 ignes,

260 3598 322 3642 nec
338 3598 396 3642 cor
411 3565 590 3642 sollicitant
606 3578 697 3641 facta
712 3579 861 3640 nefanda
876 3597 996 3652 meum,

215 3701 279 3746 nec
294 3701 356 3745 nos
372 3680 508 3744 insanae
525 3680 723 3744 meditantes
737 3681 844 3762 iurgia
859 3683 980 3744 mentis

572 3855 577 3865 ,
650 3801 707 3867 ι55
