2908 4284
560 260 666 311 LIBER
688 259 821 311 PRIMVS

675 491 701 582 3

228 635 324 699 Ibitis
338 635 495 717 Aegaeas
512 633 583 698 sine
601 653 662 710 me,
681 633 849 709 Messalla,
867 652 927 714 per
942 633 1059 708 undas,

271 760 291 803 o
307 741 431 802 utinam
448 757 611 801 memores
627 737 699 819 ipse
715 737 901 818 cohorsque
917 738 1001 799 mei:

228 862 281 905 me
296 852 387 906 tenet
402 841 525 924 ignotis
541 860 679 922 aegrum
696 839 858 904 Phaeacia
873 841 988 903 terris:

270 946 437 1009 abstineas
453 945 577 1020 avidas,
595 944 688 1007 Mors
705 963 821 1046 prefor
837 952 917 1019 atra,
934 961 1061 1006 manus.

190 1060 192 1064 '
226 1049 403 1124 abstineas,
422 1049 515 1112 Mors
532 1058 611 1124 atra,
630 1067 762 1128 precor:
787 1066 853 1110 non
871 1047 924 1108 hic
940 1046 1021 1108 mihi
1036 1054 1143 1109 mater

270 1172 356 1235 quae
372 1153 461 1234 legat
476 1154 510 1214 in
527 1161 670 1215 maestos
686 1170 763 1214 ossa
779 1160 915 1232 perusta
931 1150 1033 1224 sinus,

228 1277 293 1319 non
311 1276 412 1330 soror,
428 1255 586 1340 Assyrios
603 1255 705 1345 cineri
721 1274 807 1336 quae
823 1253 924 1317 dedat
939 1252 1059 1317 odores

270 1369 303 1424 et
318 1360 395 1423 fleat
412 1359 528 1423 effusis
544 1369 622 1423 ante
638 1359 791 1440 sepulcra
806 1357 920 1432 comis,

230 1464 327 1527 Delia
342 1483 408 1526 non
425 1482 565 1545 usquam
581 1482 676 1545 quae,
695 1483 747 1526 me
763 1483 838 1526 cum
856 1462 1000 1526 mitteret
1015 1462 1106 1538 urbe,

269 1567 388 1630 dicitur
403 1577 480 1649 ante
496 1586 612 1631 omnes
628 1566 833 1630 consuluisse
849 1566 939 1631 deos.

227 1671 282 1733 illa
298 1690 408 1733 sacras
425 1670 519 1751 pueri
535 1679 640 1733 sortes
657 1679 707 1733 ter
723 1671 873 1734 sustulit:
897 1669 944 1732 illi

271 1773 396 1838 rettulit
411 1793 429 1836 e
445 1773 539 1836 trinis
555 1773 667 1837 omina
682 1784 772 1838 certa
788 1794 880 1856 puer.

226 1887 347 1942 cuncta
361 1876 486 1940 dabant
501 1876 644 1940 reditus:
667 1887 779 1941 tamen
796 1887 848 1941 est
862 1878 1019 1942 deterrita
1035 1898 1227 1962 numquam,

271 1982 348 2064 quin
366 1980 460 2044 lleret
474 1990 615 2056 nostras,
632 1982 879 2063 respiceretque
894 1985 975 2046 vias.

225 2084 297 2166 ipse
313 2083 524 2168 egosolator,
542 2103 617 2147 cum
633 2085 699 2148 iam
715 2085 873 2149 mandata
889 2086 1065 2164 dedissem,

271 2187 469 2270 quaerebam
486 2188 598 2251 tardas
614 2187 731 2252 anxius
746 2209 852 2272 usque
869 2210 996 2267 moras;

227 2301 284 2355 aut
299 2311 362 2373 ego
379 2310 451 2354 sum
468 2302 632 2367 causatus,
650 2312 728 2356 aves
744 2292 827 2357 dant
842 2293 953 2357 omina
968 2293 1049 2372 dira,

271 2394 406 2460 Saturni
421 2414 549 2458 sacram
566 2415 618 2459 me
634 2397 780 2460 tenuisse
796 2397 894 2460 diem.

226 2519 246 2562 o
262 2498 415 2581 quotiens
430 2499 602 2580 ingressus
616 2498 679 2563 iter
696 2499 777 2563 mihi
792 2501 899 2565 tristia
915 2502 980 2564 dixi

269 2602 436 2665 offensum
451 2603 598 2683 inporta
615 2602 710 2685 signa
727 2605 859 2669 dedisse
876 2606 1014 2688 pedem!

226 2705 349 2769 audeat
362 2705 465 2770 invito
480 2724 523 2768 ne
539 2707 613 2787 quis
630 2706 801 2772 discedere
818 2709 954 2786 Amore,

270 2817 327 2871 aut
343 2809 425 2872 sciat
440 2828 611 2890 egressum
628 2831 664 2875 se
680 2813 878 2893 prohibente
894 2799 967 2877 deo.

226 2911 305 2994 quid
322 2921 379 2974 tua
395 2931 482 2975 nunc
500 2913 562 2976 Isis
579 2914 669 2991 mihi,
689 2915 796 2993 Delia,
813 2916 892 2999 quid
908 2917 989 2980 mihi
1005 2927 1144 2998 prosunt

269 3014 325 3078 illa
340 3024 397 3078 tua
413 3016 534 3080 totiens
550 3037 628 3081 aera
644 3020 777 3101 repulsa
792 3041 903 3093 manu,

226 3119 356 3200 quidve,
375 3120 428 3200 pie
444 3120 527 3184 dum
539 3140 634 3185 sacra
650 3122 741 3199 colis,
759 3143 907 3206 pureque
924 3123 1026 3187 lavari

269 3233 302 3286 te
317 3222 484 3307 (memini)
499 3233 532 3288 et
548 3245 632 3306 puro
649 3227 840 3290 secubuisse
855 3227 950 3290 toro?

225 3344 324 3401 nunc,
341 3326 413 3402 dea,
431 3347 519 3390 nunc
536 3348 691 3391 succurre
708 3329 787 3392 mihi
802 3327 894 3409 (nam
912 3350 1011 3411 posse
1028 3330 1152 3394 mederi

269 3428 359 3512 picta
374 3431 471 3494 docet
486 3430 619 3512 templis
636 3431 740 3496 multa
751 3432 877 3504 ‚tabella
892 3433 981 3514 tuis),

225 3542 262 3596 ut
278 3552 351 3596 mea
367 3533 495 3598 votivas
511 3535 705 3616 persolvens
723 3536 820 3599 Delia
836 3557 935 3600 voces
968 3555 969 3560 ¹

269 3645 346 3700 ante
362 3657 474 3700 sacras
490 3637 557 3701 lino
572 3647 662 3702 tecta
676 3639 767 3702 fores
783 3638 898 3703 sedeat

650 3758 708 3821 113
