2908 4284
151 255 152 258 ’
205 249 233 330 ¹1,
244 285 268 332 4,
281 267 326 334 ⁶3]
686 283 855 335 nsvrrvs

300 447 446 509 carmine
462 467 630 530 purpurea
646 458 697 512 est
714 449 788 512 Nisi
804 470 918 512 coma:
943 452 1090 515 carmina
1107 452 1140 515 ni
1157 453 1232 529 sint,

344 569 385 612 ex
401 571 514 615 umero
533 551 664 633 Pelopis
681 572 748 615 non
764 553 918 617 nituisset
933 554 1024 617 ebur.

213 662 245 731 ⁶5
300 673 398 734 quem
415 654 562 718 referent
580 656 713 732 Musae2
726 657 816 720 vivet
831 658 910 720 dum
927 658 1048 722 robora
1064 659 1171 736 tellus,

345 756 423 819 dum
440 758 568 822 caelum
585 759 707 835 stellas,
726 760 806 821 dum
821 761 922 824 vehet
936 763 1045 825 amnis
1064 783 1177 846 aquas.

301 870 337 922 at
352 861 408 941 qui
423 881 491 923 non
508 862 599 925 audit
617 863 742 935 Musas
761 864 817 944 qui
832 864 948 927 vendit
963 885 1121 942 amorem,

347 963 469 1026 Idaeae
484 984 600 1028 currus
615 966 670 1028 ille
688 976 844 1048 sequatur
861 967 947 1049 Opis

301 1075 335 1129 et
350 1077 559 1130 tercentenas
575 1069 741 1132 erroribus
757 1069 889 1151 expleat
905 1072 1003 1135 urbes

215 1195 246 1244 70
344 1180 378 1232 et
393 1180 483 1234 secet
499 1172 541 1233 ad
559 1172 721 1256 Phrygios
738 1173 816 1234 vilia
832 1176 980 1239 membra
996 1178 1121 1242 modos.

302 1272 470 1337 blanditiis
486 1275 557 1338 vult
571 1295 645 1338 esse
663 1276 770 1338 locum
788 1278 906 1341 Venus
923 1280 1015 1360 ipsa:
1039 1282 1194 1363 querellis

347 1377 561 1459 supplicibus,
579 1380 707 1441 miseris
724 1379 857 1444 fletibus
872 1382 928 1445 illa
944 1383 1055 1448 lavet!

304 1481 385 1543 haec
402 1481 491 1557 mihi,
509 1502 594 1564 quae
613 1502 767 1546 canerem
784 1484 881 1561 Titio,
899 1486 981 1550 deus
997 1489 1100 1552 edidit
1114 1509 1190 1553 ore:

347 1584 405 1647 sed
421 1584 546 1649 Titium
563 1586 707 1649 coniunx
723 1588 805 1652 haec
821 1590 1011 1654 meminisse
1026 1603 1125 1656 vetat.

216 1714 246 1769 75
303 1701 418 1771 pareat
432 1691 487 1753 ille
504 1711 604 1755 suae:
629 1713 689 1756 vos
704 1713 758 1764 me
774 1692 939 1757 celebrate
955 1694 1159 1776 magistrum,

347 1813 430 1874 quos
447 1795 532 1857 male
549 1795 650 1858 habet
666 1795 769 1860 multa
785 1796 924 1860 callidus
939 1808 1009 1861 arte
1026 1819 1117 1880 puer.

303 1897 408 1978 gloria
424 1899 542 1980 cuique
558 1919 618 1962 sua
633 1910 703 1963 est:
728 1920 781 1962 me
798 1900 854 1982 qui
870 1911 1070 1982 spernentur
1086 1914 1237 1967 amantes

347 2002 553 2065 consultent:
579 2003 708 2066 cunctis
724 2004 824 2066 ianua
840 2013 954 2066 nostra
970 2014 1071 2086 patet.

191 2130 194 2135 ·
304 2118 437 2191 tempus
452 2109 523 2184 erit,
541 2128 616 2171 cum
633 2128 685 2171 me
701 2107 843 2172 Veneris
860 2118 1039 2190 praecepta
1055 2110 1218 2174 ferentem

215 2224 248 2275 80
346 2213 491 2276 deducat
506 2212 662 2275 iuvenum
681 2211 797 2274 sedula
813 2211 910 2275 turba
926 2231 1049 2276 senem.

304 2317 369 2380 heu
387 2318 451 2380 heu
467 2336 567 2398 quam
587 2317 761 2379 Marathus
778 2316 867 2378 lento
884 2335 937 2378 me
953 2325 1086 2398 torquet
1102 2317 1232 2382 amorel

348 2419 506 2484 deficiunt
521 2429 618 2495 artes,
637 2419 861 2500 deficiuntque
877 2418 952 2481 doli.

305 2543 414 2605 parce,
432 2543 524 2605 puer,
541 2543 675 2605 quaeso,
694 2542 735 2586 ne
752 2523 858 2604 turpis
874 2522 989 2586 fabula
1004 2523 1091 2600 fiam,

348 2646 423 2690 cum
440 2646 515 2690 mea
530 2626 685 2690 ridebunt
700 2646 786 2689 vana
802 2625 1001 2708 magisteria.

751 2879 773 2973 5

305 3052 418 3134 Asper
433 3073 523 3117 eram
539 3062 573 3116 et
588 3052 674 3115 bene
690 3051 862 3114 discidium
880 3070 932 3113 me
948 3049 1037 3114 ferre
1053 3050 1230 3132 loquebar:

349 3166 384 3219 at
398 3156 479 3218 mihi
494 3176 583 3218 nunc
599 3156 698 3235 longe
715 3155 820 3236 gloria
837 3154 934 3217 fortis
949 3153 1053 3217 abest.

305 3279 449 3341 namque
465 3279 546 3340 agor
561 3269 599 3322 ut
614 3278 673 3340 per
690 3259 790 3340 plana
806 3257 890 3321 citus
907 3257 977 3320 sola
993 3257 1131 3320 verbere
1148 3258 1267 3321 turben

349 3382 447 3444 quem
464 3363 552 3426 celer
567 3362 705 3425 adsueta
721 3371 832 3424 versat
847 3361 889 3424 ab
905 3370 976 3424 arte
993 3381 1083 3443 puer.

239 3490 252 3545 5
307 3485 366 3529 ure
382 3466 490 3530 lerum
507 3475 541 3530 et
557 3475 683 3547 torque,
701 3465 801 3528 libeat
816 3484 859 3527 ne
875 3464 985 3527 dicere
1002 3465 1179 3546 quiequam

350 3569 561 3649 magnificum
580 3577 655 3650 post
671 3569 772 3630 haec:
797 3568 930 3629 horrida
945 3567 1047 3630 verba
1062 3568 1169 3632 doma.

308 3692 408 3754 parce
424 3683 545 3748 tamen,
564 3692 623 3754 per
639 3681 672 3734 te
689 3671 802 3733 furtivi
818 3669 956 3733 foedera
973 3670 1056 3734 lecti.

741 3780 799 3840 118
