2908 4284
520 293 624 342 LIBER
647 292 807 358 QVARTVS
1082 284 1119 352 [4,
1135 299 1155 345 1,
1170 297 1215 351 153

202 477 279 520 nam
297 457 395 521 modo
410 437 597 538 fulgentem
614 457 716 542 Tyrio
732 457 943 540 subtegmine
957 467 1085 521 vestem

202 561 360 625 indueras
376 561 503 624 oriente
519 560 573 623 die
588 560 674 624 duce
689 560 809 624 fertilis
828 563 916 635 anni,

203 664 408 747 splendidior
424 663 556 747 liquidis
569 684 645 727 cum
662 664 721 729 Sol
737 675 839 747 caput
854 665 972 729 extulit
987 664 1086 728 undis

204 777 239 831 et
253 769 327 832 iera
342 767 512 831 discordes
526 776 707 831 tenuerunt
721 767 856 832 flamina
870 771 971 845 venti,

203 892 306 934 curva
321 891 383 935 nec
399 871 556 935 adsuetos
573 881 716 954 egerunt
730 871 869 936 flumina
883 892 1011 948 cursus,

204 976 284 1057 quin
300 974 453 1057 rapidum
469 975 609 1057 placidis
623 977 724 1038 etiam
740 995 832 1039 mare
847 976 994 1039 constitit
1009 975 1117 1052 undis,

204 1079 273 1141 ulla
288 1098 350 1142 nec
362 1079 469 1142 aerias
483 1078 628 1142 volucris
644 1079 826 1161 perlabitur
841 1100 939 1144 auras

204 1202 267 1246 nec
284 1182 474 1265 quadrupes
489 1182 612 1246 densas
627 1182 818 1264 depascitur
833 1203 953 1265 aspera
968 1183 1078 1258 silvas,

204 1285 285 1369 quin
301 1286 420 1368 largita
435 1287 501 1350 tuis
516 1295 594 1350 sunt
609 1296 730 1350 cuncta
745 1287 876 1349 silentia
890 1287 984 1350 votis.

207 1390 358 1472 Iuppiter
373 1390 446 1471 ipse
461 1391 526 1453 levi
541 1400 658 1453 vectus
675 1410 734 1471 per
749 1390 861 1452 inania
876 1409 974 1453 curru

206 1493 315 1556 adluit
329 1504 363 1557 et
379 1493 470 1558 caelo
486 1493 632 1556 vicinum
649 1493 745 1575 liquit
761 1493 945 1577 Olympum

205 1599 401 1679 intentaque
416 1598 482 1660 tuis
498 1596 653 1681 precibus
669 1616 706 1660 se
720 1596 874 1678 praebuit
888 1616 968 1660 aure

207 1710 394 1783 cunctaque
408 1701 519 1764 veraci
534 1699 645 1782 capite
659 1700 795 1763 adnuit:
818 1700 951 1763 additus
965 1699 1032 1764 aris

208 1803 326 1867 laetior
340 1803 442 1867 eluxit
457 1813 600 1867 structos
615 1823 717 1886 super
730 1803 818 1885 ignis
834 1823 979 1867 acervos,

251 1909 331 1990 quin
347 1908 502 1970 hortante
517 1907 581 1970 deo
596 1908 728 1989 magnis
743 1906 896 1970 insistere
911 1907 1011 1970 rebus

207 2012 337 2093 incipe:
361 2031 429 2074 non
444 2011 533 2075 idem
548 2010 611 2074 tibi
625 2012 693 2074 sint
708 2009 848 2094 aliisque
861 2009 1033 2092 triumphi.

208 2136 276 2178 non
292 2125 325 2178 te
340 2114 449 2178 vicino
465 2114 684 2178 remorabitur
699 2114 797 2178 obvia
814 2115 924 2177 Marte

209 2219 318 2283 Gallia
333 2239 395 2282 nec
411 2218 485 2281 latis
501 2218 611 2282 audax
628 2216 796 2300 Hispania
810 2220 907 2281 terris

208 2342 270 2385 nec
287 2323 359 2385 iera
374 2322 528 2386 Theraeo
543 2321 643 2385 tellus
659 2323 797 2386 obsessa
811 2322 938 2398 colono,
1028 2395 1030 2400 ยน

209 2446 271 2489 nec
287 2446 353 2508 qua
367 2426 422 2488 vel
439 2424 537 2489 Nilus
552 2424 607 2489 vel
622 2426 715 2506 regia
731 2425 869 2509 lympha
885 2425 1059 2507 Choaspes

210 2528 343 2612 profluit
357 2539 415 2606 aut
427 2529 572 2611 rapidus,
589 2528 669 2613 Cyri
684 2529 862 2604 dementia,
878 2529 1016 2612 Gyndes

210 2643 282 2696 aret
297 2633 471 2696 Arectaeis
488 2633 578 2696 haud
594 2653 662 2695 una
678 2652 737 2714 per
752 2634 839 2695 ostia
853 2633 990 2714 campis,

210 2756 272 2800 nec
288 2757 354 2819 qua
369 2756 475 2818 regna
488 2757 576 2818 vago
593 2736 748 2821 Tamyris
764 2736 871 2799 finivit
882 2735 1003 2811 Araxe,

124 2859 170 2913 ยน45
211 2841 314 2922 impia
329 2859 392 2903 nec
408 2842 516 2904 saevis
532 2839 707 2903 celebrans
722 2839 874 2903 convivia
890 2841 1013 2903 mensis

208 2940 341 3025 (ultima
355 2943 483 3007 vicinus
501 2944 636 3007 Phoebo
652 2953 747 3008 tenet
761 2943 856 3026 arva)
873 2943 1033 3019 Padaeus,

211 3065 343 3129 quaque
361 3047 497 3110 Hebrus
509 3048 702 3130 Tanaisque
714 3048 819 3112 Getas
831 3046 919 3128 rigat
930 3057 1030 3128 atque
1045 3048 1222 3130 Magynos.

165 3201 175 3220 ,
212 3149 292 3231 quid
309 3150 440 3213 moror?
486 3150 644 3214 Oceanus
660 3161 765 3232 ponto
781 3171 847 3232 qua
862 3151 1011 3213 continet
1025 3149 1150 3223 orbem,

212 3253 304 3316 nulla
319 3253 377 3317 tibi
393 3254 539 3318 adversis
556 3254 648 3335 regio
665 3274 739 3318 sese
758 3254 879 3317 offeret
895 3255 1004 3316 armis.

125 3379 172 3440 ,ยน5โฐ
213 3367 247 3420 te
259 3357 527 3422 manet.invictus
545 3360 699 3421 Romano
716 3359 826 3420 Marte
844 3357 1023 3419 Britannus

212 3471 313 3543 teque
330 3460 501 3527 interiecto
517 3462 633 3525 mundi
649 3482 726 3543 pars
743 3462 847 3524 altera
863 3461 941 3522 sole.

213 3584 290 3628 nam
309 3565 508 3629 circumfuso
526 3567 677 3629 consistit
692 3567 726 3627 in
743 3585 820 3628 aere
836 3565 934 3626 tellus

211 3677 247 3732 et
263 3666 409 3750 quinque
425 3667 458 3730 in
475 3678 587 3751 partes
602 3679 672 3732 toto
688 3668 876 3750 disponitur
891 3667 980 3730 orbe.

646 3774 705 3853 163
