2908 4284
238 314 263 362 4,
277 297 373 366 1,154]
707 294 876 344 TIBVLLVS

322 469 421 542 atque
437 460 525 524 duae
540 459 651 542 gelido
666 469 840 522 vastantur
856 459 981 539 frigore
998 475 1146 540 semper:

237 589 281 642 1⁵⁵
320 563 387 626 illic
404 573 437 626 et
452 564 557 626 densa
573 562 670 626 tellus
687 561 901 625 absconditur
918 560 1043 635 umbra,

321 674 356 730 et
371 667 462 729 nulla
480 668 616 748 incepto
633 666 815 748 perlabitur
831 664 921 728 unda
937 664 1073 745 liquore,

322 771 380 834 sed
395 771 515 833 durata
530 772 616 852 riget
630 770 769 833 densam
785 770 820 831 in
836 768 1044 850 glaciemque
1060 767 1248 848 nivemque,

322 875 447 958 quippe
463 874 519 937 ubi
535 894 602 937 non
619 893 777 954 umquam
793 871 894 935 Titan
910 891 1010 952 super
1025 869 1132 951 egerit
1146 879 1248 932 ortus.

321 987 355 1040 at
371 978 546 1041 mediaest
564 975 688 1039 Phoebi
704 994 838 1056 semper
855 972 1005 1037 subiecta
1020 972 1131 1047 calori,

321 1101 379 1144 seu
397 1082 530 1163 propior
546 1079 643 1144 terris
659 1079 822 1142 aestivum
840 1077 948 1140 fertur
961 1078 995 1139 in
1012 1076 1126 1139 orbem

322 1203 382 1247 seu
397 1185 485 1248 celer
502 1185 656 1247 hibernas
674 1191 832 1264 properat
848 1181 1024 1262 decurrere
1039 1179 1147 1243 luces:

322 1307 389 1350 non
405 1287 504 1368 igitur
520 1306 635 1369 presso
651 1288 750 1350 tellus
766 1287 914 1366 exsurgit
929 1293 1046 1359 aratro,

322 1410 384 1454 nec
399 1391 530 1473 frugem
547 1400 679 1472 segetes
696 1390 858 1472 praebent
874 1408 983 1470 neque
999 1387 1122 1469 pabula
1136 1396 1262 1450 terrae:

322 1514 390 1557 non
406 1494 472 1558 illic
487 1495 565 1558 colit
581 1515 662 1557 arva
677 1494 769 1570 deus,
789 1493 983 1556 Bacchusue
1001 1491 1155 1566 Ceresue,

323 1598 414 1661 nulla
430 1617 491 1661 nec
507 1607 640 1662 exustas
658 1597 809 1661 habitant
826 1596 982 1660 animalia
998 1604 1119 1677 partes.

323 1701 442 1791 fertilis
459 1701 545 1764 hanc
562 1700 772 1783 interposita
789 1709 840 1764 est
855 1702 1007 1782 interque
1023 1698 1170 1780 rigentes

323 1815 504 1888 nostraque
520 1815 554 1869 et
569 1806 646 1868 huic
662 1805 803 1868 adversa
821 1805 892 1867 solo
910 1823 987 1886 pars
1004 1802 1107 1866 altera
1122 1812 1248 1878 nostro,

323 1929 406 1990 quas
422 1907 537 1971 similis
553 1908 718 1992 utrimque
735 1918 854 1972 tenens
869 1908 989 1972 vicinia
1004 1909 1088 1972 caeli

322 2020 497 2094 temperat,
514 2012 597 2075 alter
612 2020 647 2076 et
662 2013 797 2076 alterius
813 2015 900 2076 vires
917 2022 1015 2075 necat
1031 2032 1101 2075 aer:

323 2115 400 2178 hinc
416 2115 567 2197 placidus
583 2115 679 2179 nobis
696 2137 756 2198 per
771 2126 922 2198 tempora
937 2118 1077 2179 vertitur
1093 2132 1218 2179 annus:

323 2219 400 2282 hinc
417 2229 451 2282 et
465 2219 550 2282 colla
565 2219 643 2300 iugo
659 2219 774 2283 didicit
789 2219 982 2284 submittere
1003 2228 1118 2283 taurus

323 2330 357 2386 et
372 2322 462 2385 lenta
477 2323 626 2386 excelsos
642 2322 717 2386 vitis
734 2324 959 2386 conscendere
975 2343 1096 2399 tamne,

323 2425 545 2508 tondeturque
560 2445 658 2507 seges
675 2436 822 2490 maturos
838 2447 950 2490 annua
966 2437 1091 2508 partus

323 2537 357 2592 et
372 2529 461 2593 ierro
477 2528 584 2605 tellus,
601 2539 724 2611 pontus
739 2530 939 2593 confinditur
955 2551 1041 2607 aere,

238 2655 283 2710 ¹75
323 2633 402 2714 quin
419 2632 518 2695 etiam
535 2634 668 2696 structis
684 2644 868 2714 exsurgunt
884 2634 1008 2716 oppida
1025 2637 1134 2698 muris.

323 2754 403 2817 ergo
419 2735 476 2798 ubi
492 2737 681 2817 praeclaros
698 2748 841 2818 poscent
853 2748 910 2800 tua
924 2739 1016 2802 facta
1032 2737 1229 2820 triumphos,

323 2838 413 2902 solus
430 2849 570 2921 utroque
586 2840 673 2903 idem
691 2840 811 2904 diceris
829 2862 971 2923 magnus
986 2844 1021 2904 in
1036 2843 1126 2906 orbe.

366 2962 433 3006 non
449 2963 514 3024 ego
529 2963 602 3006 sum
619 2946 700 3006 satis
716 2945 759 3008 ad
776 2955 890 3009 tantae
905 2946 1084 3027 praeconia
1099 2946 1215 3022 laudis,

323 3045 395 3128 ipse
411 3046 491 3108 mihi
507 3067 573 3110 non
591 3048 619 3109 si
636 3048 840 3130 praescribat
857 3050 1003 3113 earmina
1021 3050 1184 3113 Phoebus

237 3159 283 3210 180
322 3158 374 3212 est
387 3149 449 3212 tibi
464 3151 520 3231 qui
537 3152 642 3233 possit
659 3151 789 3232 magnis
806 3173 841 3215 se
858 3155 1032 3234 accingere
1044 3154 1143 3217 rebus
1173 3237 1175 3243 k

322 3251 479 3333 Valgius:
503 3264 639 3317 aeterno
656 3255 792 3337 propior
807 3275 874 3319 non
891 3256 975 3320 alter
992 3256 1151 3320 Homero.

323 3354 480 3436 languida
496 3377 563 3420 non
579 3367 692 3421 noster
709 3360 838 3440 peragit
854 3359 946 3423 labor
961 3362 1037 3437 otia,
1055 3361 1206 3442 quamvis

326 3459 483 3536 Fortuna,
502 3470 538 3523 ut
553 3480 625 3523 mos
642 3472 693 3524 est
708 3462 764 3536 illi,
782 3482 835 3526 me
851 3463 991 3526 adversa
1007 3464 1137 3545 fatiget.

323 3582 400 3624 nam
417 3564 506 3638 mihi,
524 3583 598 3626 cum
617 3565 747 3645 magnis
764 3565 883 3646 opibus
899 3566 1017 3629 domus
1036 3567 1102 3631 alta
1117 3567 1248 3644 niteret,

236 3677 281 3745 185
321 3667 376 3729 cui
391 3667 525 3730 fuerant
541 3666 617 3730 flavi
632 3667 778 3731 ditantes
794 3669 909 3731 ordine
925 3671 1009 3734 sulci

754 3773 814 3851 164
