2908 4284
530 295 636 346 LIBER
657 297 807 346 TERTIVS

206 483 268 526 vos
284 461 382 527 modo
398 461 570 545 proposito
585 462 700 526 dulces
717 463 859 526 faveatis
875 462 981 538 amici,

250 585 336 629 neve
351 576 453 647 neget
468 567 644 648 quisquam
661 585 715 629 me
730 565 815 637 duce
832 586 867 629 se
883 566 1059 630 comitem:

207 679 266 732 aut
281 668 309 732 si
324 669 398 751 quis
412 668 481 732 vini
496 678 665 732 certamen
682 670 760 732 mite
776 679 917 744 recusat,

252 771 347 836 fallat
363 792 440 836 eum
456 781 546 836 tecto
561 792 638 836 cara
655 773 767 854 puella
783 772 868 836 dolo.

206 875 265 940 ille
279 874 461 940 iacit'dites
478 875 606 939 animos
623 877 715 952 deus,
733 876 787 940 ille
804 876 951 940 ferocem

253 979 402 1043 contudit
418 991 452 1044 et
467 980 621 1043 dominae
639 979 727 1042 misit
742 979 776 1042 in
793 979 972 1056 arbitrium,

209 1082 389 1147 Armenias
406 1085 508 1165 tigres
524 1093 558 1146 et
575 1082 686 1146 fulvas
703 1082 758 1145 ille
776 1083 909 1146 leaenas

252 1185 332 1250 vicit
343 1196 376 1249 et
391 1186 561 1251 indomitis
577 1187 689 1248 mollia
705 1185 806 1249 corda
817 1185 918 1250 dedit.

209 1290 294 1353 haec
310 1291 418 1354 Amor
433 1300 467 1354 et
482 1292 608 1353 maiora
621 1290 721 1353 valet.
768 1289 828 1354 sed
845 1291 971 1372 poscite
988 1289 1112 1353 Bacchi

253 1413 410 1457 munera:
435 1414 535 1476 quem
550 1403 698 1456 vestrum
716 1393 836 1475 pocula
853 1393 941 1456 sicca
956 1391 1094 1455 iuvant?
1176 1449 1179 1456 .

209 1496 366 1560 convenit
381 1518 422 1561 ex
436 1517 543 1580 aequo
560 1516 621 1560 nec
638 1507 752 1560 torvus
771 1496 874 1560 Liber
887 1497 922 1558 in
937 1495 1003 1559 illis
1078 1533 1081 1540 ·

254 1601 311 1683 qui
325 1621 362 1664 se
379 1602 501 1683 quique
518 1620 586 1663 una
601 1601 679 1675 vina
695 1601 806 1664 iocosa
822 1599 954 1663 colunt:

210 1704 366 1768 convenit
381 1703 482 1768 iratus
498 1703 637 1766 nimium
654 1703 858 1786 nimiumque
875 1721 1028 1767 severos:

254 1807 311 1889 qui
325 1807 420 1871 timet
434 1807 509 1870 irati
524 1809 661 1870 numina
676 1827 809 1888 magna,
825 1806 925 1869 bibat.

210 1911 326 1994 quales
342 1910 394 1974 his
410 1931 536 1992 poenas
553 1911 660 1993 qualis
676 1919 888 1993 quantusque
901 1909 1054 1985 minetur,

255 2015 423 2079 Cadmeae
438 2016 552 2079 matris
569 2015 694 2096 praeda
709 2023 847 2077 cruenta
862 2013 969 2076 docet.

211 2118 270 2180 sed
287 2117 402 2200 procul
418 2138 438 2181 a
453 2118 550 2182 nobis
567 2118 620 2181 hic
636 2117 679 2180 sit
694 2117 801 2192 timor,
818 2117 949 2199 illaque,
966 2116 994 2180 si
1011 2136 1077 2198 qua
1090 2123 1151 2192 est,

255 2222 334 2304 quid
349 2222 460 2285 valeat
476 2221 556 2285 laesi
572 2221 695 2285 sentiat
710 2220 759 2283 ira
774 2221 837 2284 dei.

211 2325 291 2407 quid
307 2345 460 2406 precor-a
476 2324 638 2388 demens?
661 2326 754 2388 venti
769 2323 945 2388 temeraria
960 2333 1046 2400 vota,

254 2429 364 2492 aeriae
379 2439 414 2493 et
428 2429 536 2492 nubes
552 2429 738 2510 diripienda
752 2428 872 2492 lerant.

210 2533 362 2614 quamvis
378 2532 470 2596 nulla
485 2533 551 2596 mei
566 2543 718 2614 superest
732 2531 792 2595 tibi
807 2551 897 2607 cura,
915 2530 1057 2608 Neaera,

254 2637 299 2700 sis
316 2635 405 2711 felix,
422 2646 456 2700 et
471 2638 538 2700 sint
554 2636 696 2700 candida
711 2637 783 2699 lata
797 2643 864 2698 tua.

211 2748 247 2803 at
262 2759 323 2804 nos
338 2759 475 2803 securae
491 2739 669 2803 reddamus
684 2723 837 2820 tempora
853 2754 1008 2802 mensae:

255 2843 347 2907 venit
361 2853 438 2925 post
453 2843 574 2907 multos
590 2863 657 2906 una
673 2863 790 2906 serena
806 2842 886 2907 dies.

211 2946 243 3010 ei
259 2946 347 3023 mihi,
365 2945 498 3010 difficile
514 2957 565 3010 est
580 2945 701 3009 imitari
716 2946 838 3028 gaudia
853 2945 949 3020 falsa,

256 3049 389 3113 difficile
405 3060 457 3113 est
472 3049 559 3138 tristi
574 3051 700 3132 fingere
716 3059 828 3114 mente
844 3050 963 3124 iocum,

213 3174 275 3217 nec
292 3153 376 3217 bene
393 3153 546 3217 mendaci
562 3156 647 3218 risus
662 3155 871 3236 componitur
886 3173 953 3225 ore,

257 3277 319 3320 nec
334 3258 420 3322 bene
436 3245 585 3322 sollicitis
601 3259 691 3323 ebria
708 3259 809 3322 verba
826 3266 954 3321 sonant.

212 3361 294 3444 quid
310 3382 430 3444 queror
444 3361 584 3426 infelix?
607 3372 721 3444 turpes
737 3361 897 3425 discedite
913 3378 1032 3423 curae:

257 3465 326 3529 odit
344 3466 498 3530 Lenaeus
515 3465 620 3529 tristia
635 3466 737 3529 verba
753 3475 855 3547 pater.

212 3569 349 3645 Gnosia,
366 3570 520 3633 Theseae
536 3569 704 3652 quondam
722 3568 865 3651 periuria
882 3569 1014 3648 linguae

122 3700 157 3750 40
257 3671 376 3736 flevisti
391 3672 506 3754 ignoto
522 3672 593 3737 sola
607 3673 723 3736 relicta
739 3671 840 3736 mari:

645 3794 704 3860 Ῑ57
