2908 4284
537 288 642 337 LIBER
666 288 817 360 PRIMVS.
1081 288 1216 352 [1,1o‚1‘9

111 479 143 534 75
201 452 279 516 huic
295 462 408 517 tamen
423 452 578 516 accubuit
593 463 707 517 noster
722 471 825 535 puer:
849 452 938 516 hunc
955 472 1019 534 ego
1035 451 1169 515 credam
1204 505 1207 511 .

246 576 321 619 cum
338 556 486 620 trucibus
501 557 667 620 Venerem
684 557 822 637 iungere
838 575 938 638 posse
953 556 1044 620 feris.

202 659 424 723 blanditiasne
440 652 532 724 meas
548 659 619 722 aliis
635 670 672 724 tu
688 659 834 723 vendere
849 679 886 722 es
902 678 1013 735 ausus,

246 773 326 827 tune
340 764 415 826 aliis
431 763 567 827 demens
584 763 698 827 oscula
713 764 801 826 ferre
819 762 915 826 mea?

201 877 273 930 tum
290 867 394 943 flebis,
410 887 485 930 cum
502 887 555 930 me
571 867 719 930 vinctum
736 886 819 949 puer
835 866 918 930 alter
934 865 1070 930 habebit

111 983 145 1034 80
245 979 279 1035 et
294 981 388 1052 geret
403 972 436 1034 in
454 990 559 1052 regno
574 990 679 1052 regna
696 969 840 1051 superba
856 979 923 1032 tuo,

201 1084 236 1137 at
251 1085 308 1138 tua
324 1083 395 1138 tum
412 1094 464 1139 me
481 1095 591 1158 poena
606 1074 704 1150 iuvet,
722 1073 913 1156 Venerique
930 1072 1071 1137 merenti

216 1240 220 1247 ,
246 1178 311 1240 fixa
326 1187 420 1243 notet
434 1197 532 1242 casus
547 1198 650 1242 aurea
666 1178 778 1260 palma
794 1196 905 1240 meos:

203 1282 310 1345 ‘hanc
325 1282 385 1346 tibi
401 1283 512 1346 fallaci
529 1283 694 1352 resolutus
710 1301 824 1344 amore
839 1279 991 1344 Tibullus

246 1384 379 1450 dedicat
394 1386 428 1450 et
442 1395 538 1468 grata
555 1386 610 1461 sis,
628 1386 700 1461 dea,
719 1393 830 1448 mente
846 1383 962 1466 rogat!
1031 1467 1034 1481 ‚

640 1634 698 1700 10

202 1799 288 1882 Quis
304 1799 368 1865 init
383 1800 568 1865 horrendos
585 1801 711 1883 primus
728 1799 784 1882 qui
801 1799 938 1882 protulit
953 1797 1074 1864 enses?

246 1923 344 1985 quam
361 1903 453 1968 ferus
469 1914 503 1967 et
518 1924 597 1968 vere
612 1904 742 1968 ferreus
757 1904 813 1966 ille
829 1903 911 1967 fuit!

201 2016 272 2069 tum
289 2007 408 2071 caedes
423 2007 594 2071 hominum
611 2008 736 2089 generi,
754 2018 822 2071 tum
843 2007 969 2089 proclia
984 2016 1074 2089 nata,

246 2118 315 2174 tum
332 2110 462 2175 brevior
477 2111 568 2175 dirae
585 2113 700 2175 mortis
716 2120 832 2193 aperta
850 2111 904 2175 via
919 2121 979 2176 est.

132 2237 147 2292 5
205 2232 248 2277 an
265 2213 348 2276 nihil
362 2214 418 2279 ille
434 2217 533 2279 miser
549 2215 678 2291 meruit,
696 2236 756 2279 nos
773 2216 815 2280 ad
832 2216 920 2278 mala
935 2223 1049 2279 nostra

245 2317 405 2382 vertimus
421 2320 455 2381 in
471 2339 589 2383 saevas
604 2320 693 2402 quod
709 2320 801 2384 dedit
815 2320 871 2384 ille
887 2318 999 2383 ieras?

202 2419 313 2485 divitis
330 2422 392 2485 hoc
407 2423 523 2486 vitium
539 2432 590 2487 est
606 2425 686 2498 auri,
704 2443 765 2487 nec
781 2423 869 2487 bella
884 2423 1029 2498 fuerunt,

247 2524 383 2607 faginus
398 2525 529 2589 astabat
543 2546 619 2589 cum
637 2527 784 2611 scyphus
800 2536 879 2591 ante
894 2527 1007 2607 dapes.

203 2647 272 2692 non
288 2648 391 2704 arces,
408 2648 475 2693 non
490 2630 598 2692 vallus
614 2640 695 2703 erat,
712 2649 933 2712 somnumque
950 2628 1086 2710 petebat

113 2759 145 2797 ιο
247 2751 383 2795 securus
398 2732 505 2796 varias
521 2733 588 2797 dux
604 2734 714 2815 gregis
730 2733 817 2797 inter
832 2754 919 2798 oves.

201 2843 284 2898 tunc
300 2834 381 2898 mihi
395 2837 463 2900 vita
479 2837 575 2912 foret,
593 2838 685 2918 vulgi
702 2857 763 2900 nec
780 2837 886 2901 tristia
902 2855 1035 2900 nossem

247 2958 340 3001 arma
356 2958 418 3002 nec
433 2940 600 3004 audissem
618 2941 718 3005 corde
735 2941 878 3004 micante
894 2939 1019 3002 tubam.

203 3060 293 3105 nunc
308 3042 351 3105 ad
366 3042 454 3107 bella
469 3045 592 3120 trahor,
609 3053 643 3109 et
658 3045 723 3108 iam
741 3044 815 3127 quis
831 3043 971 3107 forsitan
989 3042 1094 3106 hostis

248 3145 390 3209 haesura
405 3148 439 3209 in
452 3156 565 3211 nostro
582 3147 648 3212 tela
664 3149 750 3228 gerit
767 3148 877 3210 latere.

113 3275 124 3314 1
129 3275 145 3329 ς
203 3248 262 3312 sed
278 3250 376 3331 patrii
392 3261 522 3314 servate
538 3249 662 3312 Lares:
685 3249 813 3313 aluistis
829 3259 867 3321 et
878 3249 975 3326 idem,

248 3371 416 3416 cursarem
431 3362 560 3417 vestros
576 3371 651 3416 cum
668 3362 763 3416 tener
775 3362 852 3415 ante
869 3352 981 3435 pedes,

203 3474 270 3519 neu
288 3457 411 3538 pudeat
427 3458 536 3538 prisco
551 3476 611 3519 vos
627 3475 701 3520 esse
717 3475 736 3518 e
752 3456 865 3537 stipite
881 3457 1006 3520 factos:

248 3559 296 3624 sic
310 3560 433 3624 veteris
449 3560 547 3623 sedes
565 3559 747 3623 incoluistis
763 3559 826 3622 avi.

204 3673 286 3728 tunc
302 3663 420 3728 melius
436 3672 573 3738 tenuere
589 3663 698 3738 fidem,
711 3682 787 3726 cum
804 3681 951 3748 paupere
967 3662 1058 3725 cultu

630 3783 685 3848 13¹
