2912 4284
205 314 227 362 1,
238 301 262 360 ⁶,
275 300 321 367 38]
670 299 840 350 Trsvnuvs

203 477 237 523 12,
251 476 273 527 7,
285 464 420 528 ‘delphina
438 480 500 528 puer
511 463 658 527 fragmentis
674 464 746 528 panis
762 463 843 527 primo
859 463 938 513 illexit
953 469 978 512 et
995 463 1022 512 in
1037 463 1137 512 tantum'
1149 464 1311 513 cousuetudo

202 547 280 596 valuit
296 557 323 596 ut
339 548 458 595 alendum
474 562 501 595 se
515 547 592 596 etiam
609 547 694 594 manui
712 546 790 610 ipsius
807 547 937 604 crederet,’
954 562 997 595 are
1015 546 1057 595 the
1076 545 1135 610 only
1148 563 1202 596 exx.
1222 547 1248 594 in
1268 546 1312 596 the

202 628 337 679 literature.
372 629 420 677 See
436 629 498 688 also,
517 641 537 688 1,
554 642 576 688 2,
594 640 626 693 70
642 639 767 678 n.-n0n
785 641 875 688 saeva,
892 635 956 680 etc:
979 641 1000 687 1,
1013 640 1036 694 5,
1049 640 1062 694 5
1078 644 1116 689 n.;
1140 641 1162 688 1,
1176 629 1201 688 6,
1220 642 1265 694 72;
1289 642 1312 689 2,

203 725 227 775 3,
238 711 283 771 803
306 721 353 762 etc.

235 799 277 856 38.
300 796 434 846 verbera.
454 829 460 842 .
480 830 486 843 .
503 792 609 846 vincla:
637 809 676 859 cp.
697 806 718 853 1,
738 806 775 853 10,
793 794 837 859 65;
853 807 888 854 r,
906 807 930 856 9,
949 806 993 854 213
1017 807 1039 852 2,
1057 806 1080 856 3,
1099 793 1139 853 80,
1157 795 1209 843 and
1227 801 1312 844 notes

201 876 257 926 The
269 877 362 926 revrval
374 876 404 926 os
412 877 456 926 the
469 876 511 927 old
523 876 672 926 alliterative
685 875 783 941 phrase,
792 881 798 906 ‘
807 876 907 926 vincula
917 877 1035 926 verbera'
1047 892 1129 926 seems
1143 883 1172 925 to
1183 876 1217 926 be
1230 876 1313 926 found

203 958 262 1024 only
273 959 342 1010 here.

235 1056 325 1104 39-40·
358 1043 442 1091 These
460 1057 502 1090 are
520 1041 563 1091 the
580 1042 638 1091 belli
652 1042 766 1091 homines
782 1041 822 1090 sor
833 1042 916 1090 whom
931 1042 1032 1091 Martial
1048 1041 1099 1090 bad
1113 1040 1176 1090 such
1193 1057 1228 1090 an
1241 1057 1312 1091 aver·

203 1123 267 1183 sion,
279 1140 318 1189 cp.
334 1137 354 1184 1,
366 1138 391 1186 9,
403 1124 448 1174 but
460 1139 512 1189 esp.
526 1138 548 1188 3,
561 1125 602 1187 63,
616 1137 673 1188 3-

405 1247 481 1292 bellus
491 1247 567 1293 homo
577 1253 619 1300 est,
629 1247 705 1292 flexos
715 1247 757 1306 qui
768 1247 853 1305 digerit
863 1247 948 1292 ordine
959 1247 1044 1302 crines,

433 1322 543 1367 balsama
553 1322 595 1380 qui
605 1335 707 1378 semper,
719 1322 833 1366 cinnama
843 1335 938 1380 semper
948 1322 1008 1377 olet;
1035 1317 1038 1324 ⁴

405 1396 498 1443 cantica
508 1397 549 1454 qui
560 1397 617 1450 Nili,
629 1397 671 1454 qui
682 1395 803 1442 Gaditana
812 1402 927 1450 susurrat,
984 1437 986 1440 .

433 1471 474 1529 qui
485 1477 566 1515 movet
576 1470 600 1515 in
611 1471 690 1515 varios
700 1470 814 1515 bracchia
824 1470 891 1515 volsa
901 1471 1000 1525 modos;

404 1545 465 1591 inter
474 1545 591 1590 femineas
602 1551 652 1589 tota
662 1544 703 1602 qui
714 1545 768 1590 luce
779 1545 905 1589 cathedras

433 1619 526 1665 desidet
536 1625 609 1676 atque
619 1619 701 1676 aliqua
711 1631 806 1676 semper
816 1619 841 1663 in
852 1633 909 1664 aure
920 1625 1003 1674 sonan

405 1694 447 1752 qui
459 1693 514 1751 legit
524 1694 580 1738 hinc
590 1693 655 1738 illinc
665 1691 751 1738 missas
762 1693 891 1752 scribitque
901 1695 1009 1748 tabellas,

432 1768 505 1826 pallia
515 1767 586 1812 vicini
597 1768 638 1825 qui
649 1767 733 1825 refugit
743 1767 829 1822 cubiti;

405 1843 447 1901 qui
458 1842 501 1887 scit
511 1855 586 1900 quam
597 1843 651 1900 quis
662 1848 733 1896 amet,
744 1842 786 1900 qui
796 1855 839 1900 per
849 1842 959 1887 convivia
968 1843 1047 1897 currit,

434 1916 530 1974 Hirpini
541 1922 630 1962 veteres
641 1916 683 1975 qui
693 1918 756 1961 bene
766 1917 828 1962 novit
838 1930 904 1964 avos.

202 2034 257 2084 Nor
271 2035 293 2083 is
310 2033 376 2084 Ovid
392 2034 440 2083 less
454 2049 549 2091 severe,
564 2049 603 2099 cp.
615 2036 667 2082 Ars
678 2036 763 2084 Amat.
782 2046 806 2096 3,
821 2047 853 2096 43
855 2043 878 2097 3,
893 2035 950 2084 ‘sed
968 2034 1046 2084 vitate
1063 2034 1130 2083 viros
1146 2035 1245 2084 cultum
1261 2035 1313 2083 for-

202 2132 319 2182 mamque
328 2115 462 2181 prosessos,
477 2115 482 2181 Ι
497 2116 589 2181 quique
599 2131 655 2164 suas
665 2122 763 2180 ponunt
773 2115 800 2164 in
809 2116 917 2165 statione
927 2132 1020 2166 comas.
1035 2114 1039 2182 Ι
1055 2132 1120 2181 quae
1128 2117 1202 2166 vobis
1212 2117 1312 2174 dicunt,

202 2199 318 2248 dixerunt
335 2198 404 2247 mille
415 2198 518 2263 puellis:
535 2197 539 2263 Ι
554 2204 619 2247 errat
631 2205 657 2246 et
673 2199 699 2246 in
717 2197 786 2246 nulla
802 2199 863 2247 sede
881 2205 991 2248 moratur
1003 2215 1081 2248 arnor.
1097 2198 1101 2264 Ι
1117 2236 1122 2248 ,
1142 2235 1149 2248 .
1167 2233 1173 2248 .
1195 2205 1253 2248 suut
1266 2199 1312 2262 qui

202 2281 320 2333 mendaci
339 2281 425 2344 specie
446 2288 591 2344 grassentur
610 2281 702 2329 amoris
716 2278 720 2346 Ι
735 2296 830 2345 perque
850 2281 935 2330 aditus
954 2281 1011 2330 talis
1030 2281 1100 2330 lucra
1119 2281 1244 2345 pudenda
1263 2296 1312 2344 pe-

202 2370 265 2413 tant.
280 2361 284 2429 Ι
300 2378 347 2412 nec
368 2379 440 2412 corna
456 2379 502 2411 vos
521 2362 591 2412 fallat
612 2363 708 2427 liquido
729 2357 878 2416 nitidissima
898 2364 977 2412 nardo
991 2361 996 2429 Ι
1012 2379 1058 2412 nec
1078 2363 1161 2412 brevis
1180 2363 1208 2411 in
1228 2377 1305 2426 rugas

201 2445 298 2508 lingula
320 2460 405 2509 pressa
424 2461 490 2504 suas,
505 2444 510 2509 Ι
525 2460 572 2493 nec
592 2452 652 2508 toga
672 2445 782 2510 decipiat
803 2445 845 2495 filo
865 2446 1018 2504 tenuissima,
1039 2461 1087 2494 nec
1109 2445 1130 2493 si
1145 2443 1149 2511 Ι
1164 2446 1256 2494 anulus
1279 2445 1307 2493 in

203 2528 286 2590 digitis
298 2528 362 2577 alter
376 2535 402 2577 et
415 2528 478 2576 alter
490 2528 544 2577 erit.
560 2526 564 2592 Ι
579 2527 681 2576 forsitan
697 2543 728 2576 ex
743 2526 834 2577 horum
850 2544 956 2577 numero
973 2528 1123 2577 cultissimus
1139 2528 1181 2576 ille
1197 2525 1201 2593 Ι
1216 2527 1305 2576 sursit

202 2599 228 2659 et
244 2617 330 2659 uratur
342 2610 418 2659 restis
435 2625 521 2659 amore
538 2611 614 2670 tuae‚'
627 2617 687 2670 etc.;
709 2610 814 2674 Quintil.
832 2623 869 2669 12,
885 2623 922 2668 10,
934 2623 966 2675 47
981 2610 1084 2674 (advice
1099 2616 1124 2659 to
1139 2610 1183 2659 the
1195 2610 1307 2674 orator),

202 2693 253 2740 ‘do
265 2693 380 2757 tempori,
390 2708 422 2741 ne
434 2691 499 2742 hirta
510 2699 570 2755 toga
584 2692 625 2751 sit,
637 2708 690 2741 non
702 2700 729 2741 ut
744 2692 837 2742 serica:
857 2708 890 2741 ne
904 2691 1033 2742 intonsum
1047 2699 1132 2758 caput,
1145 2708 1197 2741 non
1209 2693 1235 2741 in
1248 2707 1304 2754 gra·

202 2775 250 2824 dus
261 2781 337 2839 atque
349 2774 439 2823 anulos
450 2775 596 2839 comptum,’
610 2782 657 2824 etc.

235 2872 275 2919 39.
298 2856 430 2922 quisquis,
440 2864 502 2906 etc:
523 2857 560 2906 for
570 2857 613 2905 the
622 2857 779 2906 distributive
788 2857 939 2923 apposition,
952 2870 973 2917 r,
983 2857 1006 2917 6,
1016 2856 1061 2917 863
1083 2869 1106 2916 2,
1119 2869 1141 2916 2,
1153 2869 1179 2916 ²3
1197 2871 1221 2917 4,
1235 2868 1258 2922 5,
1270 2868 1310 2922 15.

235 2954 275 3001 40.
299 2939 420 3002 Wearing
435 2938 479 2988 the
495 2946 555 3002 toga
567 2955 595 2988 aa
610 2938 670 2988 here
683 2939 814 2988 described
826 2955 876 2988 was
893 2939 986 3003 always
1002 2938 1152 2989 considered
1169 2954 1185 2987 a
1201 2939 1310 3002 flagrant

202 3021 258 3084 sign
270 3021 299 3070 ol
308 3022 448 3084 dandyism,
460 3037 501 3086 cp.
515 3034 538 3080 2,
552 3035 574 3084 3,
588 3021 631 3086 783
655 3023 718 3071 Hor.
735 3023 812 3086 Epod.
824 3036 848 3084 4,
862 3023 889 3082 83
912 3022 1017 3081 Seneca,
1033 3022 1090 3070 Oed.
1102 3034 1164 3084 4233
1187 3022 1303 3070 Macrob.

203 3116 226 3166 3,
241 3116 278 3166 13,
295 3118 311 3164 4
327 3102 396 3168 (who
409 3119 465 3168 says
480 3103 534 3153 that
553 3105 705 3153 Hortensius
720 3120 771 3153 was
783 3105 909 3153 criticized
925 3104 964 3153 for
979 3103 1030 3168 it);
1044 3103 1119 3162 Ovid,
1133 3105 1205 3153 Rem.
1220 3105 1311 3154 Amor.

203 3184 259 3244 680,
272 3190 278 3214 ‘
289 3201 335 3234 nec
352 3201 476 3250 compone
488 3201 580 3244 comas,
593 3186 653 3250 quia
664 3186 697 3234 sis
708 3193 828 3235 venturus
843 3187 877 3236 ad
891 3187 966 3246 illam,
981 3184 986 3252 Ι
1001 3202 1049 3236 nec
1061 3193 1122 3250 toga
1133 3186 1165 3235 sit
1177 3185 1236 3235 laxo
1248 3201 1308 3236 con-

203 3267 332 3331 spicienda
343 3267 425 3325 sinu';
448 3283 499 3332 esp.
513 3270 565 3316 Ars
576 3270 661 3318 Amat.
677 3281 697 3327 1,
710 3281 832 3335 505·524·

235 3363 326 3411 41·4²·
349 3349 404 3398 The
417 3350 594 3412 exaggeration
607 3350 668 3399 isos
678 3366 764 3400 course
776 3351 935 3401 intentional.

236 3445 277 3492 4²·
299 3431 379 3481 ante:
399 3431 582 3484 local—viat
602 3432 677 3482 ablat.
691 3433 720 3481 of
729 3434 809 3497 place.

237 3517 327 3575 43-56.
351 3514 503 3576 Episodeof
516 3515 629 3564 Bellona.
661 3515 717 3563 The
733 3516 838 3565 Bellona
851 3517 880 3566 of
893 3517 937 3566 the
951 3517 1002 3566 first
1014 3523 1118 3580 century
1129 3532 1180 3566 was
1197 3533 1270 3566 more
1283 3533 1310 3566 or

204 3593 253 3642 less
265 3611 280 3643 a
292 3595 463 3644 combination
476 3595 505 3644 os
514 3595 556 3645 the
569 3597 612 3646 old
624 3597 698 3646 Italic
710 3598 823 3656 Bellona,
834 3597 879 3648 the
892 3599 976 3648 Greek
989 3601 1070 3664 Enyo,
1083 3600 1134 3648 and
1146 3615 1161 3648 a
1173 3599 1310 3664 Cappado-

206 3677 263 3725 cian
285 3677 395 3739 goddess
416 3676 481 3725 froin
497 3678 610 3726 Comana
630 3679 708 3741 (Bell.
726 3681 800 3731 Alex.
818 3682 862 3740 66;
891 3682 989 3741 Strabo,
1009 3695 1047 3742 12,
1066 3681 1138 3747 535),
1155 3682 1269 3745 brought
1287 3690 1313 3732 to

742 3807 806 3883 316
