2908 4284
547 308 652 358 LIBER
675 307 805 358 PRIMVS

213 475 342 559 primus
359 473 551 555 inexpertae
567 473 732 535 commisit
748 471 875 536 semina
890 481 998 537 terrae

259 597 424 661 pomaque
440 596 507 639 non
524 574 610 638 notis
627 574 708 656 legit
723 574 766 638 ab
781 575 962 639 arboribus.

214 683 269 746 hic
284 681 396 745 docuit
411 690 560 743 teneram
577 677 661 760 palis
677 677 858 759 adiungere
874 679 984 756 vitem,

259 787 312 850 hic
327 784 465 848 viridem
486 783 569 845 dura
585 781 723 845 caedere
739 780 827 844 falce
842 801 990 845 comam:

115 916 152 970 35
212 889 261 953 illi
275 889 437 953 iucundos
453 888 596 970 primum
613 894 745 957 matura
758 904 894 966 sapores

258 1012 415 1076 expressa
431 989 564 1054 incultis
580 1008 645 1052 uva
660 988 751 1051 dedit
768 987 916 1070 pedibus.

213 1096 270 1160 ille
285 1097 393 1180 liquor
407 1096 519 1160 docuit
534 1112 634 1157 voces
651 1092 820 1156 inflectere
835 1102 944 1170 cantu,

258 1200 360 1264 movit
375 1210 409 1265 et
424 1200 466 1263 ad
481 1209 590 1264 certos
606 1201 720 1263 nescia
734 1199 884 1263 membra
900 1199 1034 1264 modos:

216 1305 368 1367 Bacchus
384 1313 418 1368 et
432 1304 597 1384 agricolae
613 1323 736 1385 magno
752 1303 905 1367 confecta
921 1302 1033 1366 labore

117 1434 154 1482 40
257 1417 392 1489 pectora
408 1408 558 1471 tristitiae
574 1407 788 1471 dissoluenda
804 1406 913 1471 dedit:

215 1511 367 1574 Bacchus
384 1521 417 1574 et
433 1510 573 1573 adflictis
590 1512 737 1593 requiem
753 1509 947 1574 mortalibus
963 1508 1081 1586 adfert,

257 1633 353 1676 crura
369 1613 445 1676 licet
459 1614 542 1676 dura
557 1614 720 1696 compede
737 1614 833 1696 pulsa
848 1622 976 1678 sonent.
1080 1645 1082 1650 ·

212 1735 281 1779 non
297 1716 356 1779 tibi
373 1727 451 1780 sunt
466 1717 577 1781 tristes
593 1737 692 1782 curae
707 1737 769 1781 nec
784 1714 903 1792 luctus,
920 1717 1021 1792 Osiri,

257 1820 316 1883 sed
332 1820 453 1883 chorus
468 1829 502 1883 et
517 1830 635 1883 cantus
651 1829 684 1884 et
700 1820 781 1884 levis
797 1829 895 1902 aptus
910 1839 1013 1896 amor,

119 1947 154 2003 45
184 1987 189 1996 ,
212 1923 272 1986 sed
286 1923 369 1986 varii
384 1923 482 1987 flores
497 1933 532 1987 et
547 1923 641 1987 frons
657 1924 809 1988 redimita
824 1923 999 2007 corymbis,

257 2027 333 2090 fusa
349 2026 408 2090 sed
423 2027 466 2090 ad
481 2036 615 2091 teneros
632 2028 721 2091 lutea
738 2026 825 2111 palla
841 2027 944 2109 pedes

212 2139 246 2194 et
261 2131 384 2216 Tyriae
399 2141 509 2195 vestes
524 2141 558 2196 et
574 2130 680 2194 dulcis
696 2131 776 2195 tibia
792 2140 892 2196 cantu

255 2242 289 2298 et
304 2233 385 2298 levis
401 2235 538 2298 occultis
554 2236 688 2298 conscia
704 2236 786 2297 cista
803 2235 913 2299 sacris.

213 2337 278 2399 huc
294 2337 373 2401 ades
390 2347 423 2402 et
439 2347 571 2401 centum
589 2337 676 2401 ludis
694 2338 902 2422 Geniumque
919 2337 1049 2404 choreis

122 2465 155 2519 50
254 2440 451 2504 concelebra
466 2451 500 2504 et
515 2441 619 2504 multo
635 2449 786 2522 tempora
803 2441 907 2506 funde
923 2461 1034 2506 mero:

211 2542 298 2606 illius
315 2552 348 2607 et
364 2543 467 2607 nitido
484 2544 609 2608 stillent
624 2554 796 2626 unguenta
812 2545 941 2626 capillo,

255 2655 288 2710 et
304 2648 413 2729 capite
429 2658 463 2711 et
478 2648 563 2711 collo
579 2648 691 2712 mollia
707 2657 796 2711 serta
811 2659 914 2731 gerat.

212 2750 259 2812 sic
274 2750 388 2813 venias
406 2751 584 2814 hodierne:
607 2751 667 2815 tibi
683 2751 759 2815 dem
775 2754 858 2815 turis
875 2752 1028 2830 honores,

255 2851 322 2916 liba
337 2862 370 2917 et
388 2854 567 2936 Mopsopio
583 2855 693 2918 dulcia
708 2855 807 2919 melle
822 2855 937 2919 ieram.

122 2979 154 3034 55
211 2964 246 3019 at
260 2956 320 3019 tibi
336 2967 525 3021 succrescat
541 2958 650 3040 proles
667 2979 752 3042 quae
769 2959 859 3022 iacta
875 2959 1021 3040 parentis

256 3068 378 3141 augeat
393 3070 427 3124 et
442 3062 529 3124 circa
546 3071 611 3126 stet
626 3062 818 3126 veneranda
833 3082 957 3126 senem.

211 3181 274 3226 nec
290 3171 399 3227 taceat
414 3175 630 3228 monumenta
646 3166 719 3230 viae
736 3186 834 3248 quem
851 3166 997 3230 Tuscula
1012 3166 1111 3231 tellus

255 3265 463 3349 candidaque
479 3268 616 3351 antiquo
632 3268 758 3333 detinet
774 3268 864 3333 Alba
880 3268 956 3333 lare.

211 3388 356 3450 namque
372 3370 491 3452 opibus
507 3382 667 3453 congesta
682 3373 747 3436 tuis
764 3373 816 3436 hic
833 3372 946 3453 glarea
961 3373 1045 3436 dura

119 3483 153 3536 60
255 3474 420 3549 sternitur,
439 3474 492 3537 hic
507 3485 587 3556 apta
603 3476 751 3556 iungitur
767 3485 836 3539 arte
852 3477 941 3541 silex.

210 3583 245 3638 te
260 3577 350 3638 canit
365 3578 520 3656 agricola,
537 3597 660 3659 magna
675 3599 751 3641 cum
766 3581 896 3643 venerit
910 3580 992 3645 urbe

256 3697 350 3742 serus
366 3679 573 3743 inoffensum·
586 3681 816 3765 rettuleritque
832 3684 961 3765 pedem.

641 3802 699 3867 125
