2902 4288
705 251 872 302 TIBVILVS

316 437 392 480 cum
409 417 532 482 siccare
554 438 682 482 sacram
700 417 793 500 largo
811 419 1019 483 Permessida
1035 428 1149 501 posset

360 541 426 596 ore,
439 522 662 584 verecundam
680 523 797 585 maluit
812 543 886 586 esse
902 523 1000 598 sitim,

317 625 457 688 Pieriam
473 626 565 688 tenui
581 625 726 688 frontem
742 625 896 689 redimire
911 647 1033 690 corona

359 720 535 791 contentus
550 728 662 791 famae
677 748 740 792 nec
756 729 835 793 dare
851 730 926 793 vela
941 751 1030 794 suae.

316 831 375 895 sed
390 842 503 894 tamen
521 832 609 894 hunc
625 831 730 895 nostri
746 833 807 896 scit
823 834 984 915 temporis
1000 855 1074 900 esse
1091 834 1271 911 Tibullum,

358 934 506 998 carmina
520 934 578 1018 qui
593 934 683 1000 docti
698 945 776 1000 nota
793 936 937 1000 Neronis
954 938 1063 1002 habet.

706 1076 736 1150 8,
797 1124 805 1151 2

315 1184 460 1268 Cynthia
475 1195 509 1248 te
524 1196 636 1249 vatem
652 1186 742 1263 fecit,
754 1089 883 1251 iriscive
901 1185 1067 1269 Properti:

357 1289 529 1370 ingenium
546 1289 633 1354 Galli
649 1289 790 1373 pulchra
807 1291 945 1375 Lycoris
961 1301 1053 1354 erat:

314 1391 405 1454 fama
420 1402 472 1455 est
487 1394 597 1475 arguti
613 1395 770 1456 Nemesis
786 1394 934 1457 formosa
949 1394 1072 1457 Tibulli
1087 1416 1095 1455 :

359 1494 482 1558 Lesbia
496 1496 641 1572 dictavit,
658 1498 755 1560 docte
773 1498 913 1572 Catulle,
931 1498 999 1561 tibi.

314 1617 381 1661 non
398 1618 451 1662 me
468 1599 597 1681 Peligni
613 1620 675 1663 nec
691 1610 828 1681 spernet
846 1602 987 1664 Mantua
1002 1612 1124 1678 vatem,

357 1700 386 1765 si
401 1723 466 1785 qua
483 1703 629 1768 Corinna
646 1703 735 1778 mihi,
754 1703 782 1766 si
798 1705 871 1786 quis
888 1703 1004 1767 Alexis
1020 1705 1091 1768 erit.

717 1859 763 1920 14.
786 1857 844 1922 Ι93

314 1950 409 2016 Ussit
425 1961 606 2015 amatorem
624 1953 778 2016 Nemesis
795 1953 918 2016 lasciva
934 1953 1113 2029 Tibullum,

326 2073 331 2082 ·
355 2056 390 2117 in
410 2064 480 2119 tota
495 2055 577 2119 iuvit
592 2076 691 2139 quem
709 2057 791 2119 nihil
807 2077 880 2120 esse
901 2058 1009 2122 domo.

568 2183 569 2189 '
599 2193 790 2270 Aavcnrvs,
807 2194 901 2278 Apol.
925 2212 963 2259 10

227 2305 294 2368 Hic
324 2304 405 2369 illud
438 2306 538 2369 etiam
577 2306 778 2387 reprehendi
815 2307 1088 2383 animadvertisti,
1120 2308 1220 2389 quod,
1253 2326 1331 2370 cum

226 2407 298 2473 aliis
330 2409 520 2472 nominibus
558 2409 653 2491 pueri
684 2420 855 2486 vocentur,
888 2430 951 2492 ego
990 2431 1048 2474 eos
1084 2410 1268 2475 Charinum
1295 2421 1332 2473 et

226 2511 362 2576 Critiam
394 2511 635 2595 appellitarim,
669 2514 805 2577 ¹eadem
836 2513 937 2595 igitur
968 2533 1070 2596 opera
1100 2522 1259 2576 accusent
1289 2514 1328 2578 C.

226 2615 403 2692 Catullum,
424 2617 514 2698 quod
531 2616 689 2680 Lesbiam
705 2637 766 2700 pro
782 2617 899 2682 Clodia
918 2617 1106 2693 nominarit,
1124 2625 1158 2681 et
1174 2616 1327 2680 Ticidam

226 2719 383 2795 similiter,
406 2720 496 2802 quod
520 2740 606 2802 quae
639 2720 776 2784 Metella
805 2729 877 2784 erat
905 2720 1057 2783 Perillam
1083 2719 1262 2801 scripserit,
1294 2730 1331 2783 et

226 2823 444 2905 Propertium,
481 2822 538 2906 qui
577 2824 757 2908 Cynthiam
797 2824 894 2900 dicat,
937 2823 1092 2886 Hostiam
1130 2824 1328 2900 dissimulet,

224 2935 258 2990 et
281 2926 459 3002 Tibullum,
480 2927 569 3009 quod
591 2929 623 2990 ei
647 2928 690 2991 sit
710 2927 825 2991 Plania
844 2929 878 2990 in
899 2929 1020 3003 animo,
1045 2927 1144 2990 Delia
1163 2926 1197 2989 in
1216 2947 1327 2992 versu,

224 3040 258 3093 et
280 3030 413 3112 quidem
445 3031 482 3095 C.
508 3031 683 3106 Lucilium,
708 3051 909 3113 quamquam
940 3032 983 3094 sit
1009 3031 1181 3107 iambicus,
1213 3041 1329 3095 tamen

224 3134 446 3217 improbarim,
464 3136 552 3217 quod
570 3135 728 3200 Gentium
744 3146 778 3199 et
801 3135 1021 3199 Macedonem
1047 3154 1169 3217 pueros
1192 3133 1329 3198 directis
1357 3135 1362 3142 ’

224 3237 413 3302 nominibus
440 3239 675 3303 carminesuo
708 3239 922 3322 prostituerit.
984 3248 1109 3320 quanto
1143 3237 1328 3301 modestius

223 3342 358 3405 tandem
400 3343 604 3406 Mantuanus
635 3354 744 3425 poeta,
779 3344 836 3425 qui
868 3343 982 3406 itidem
1016 3352 1052 3405 ut
1085 3362 1150 3422 ego
1185 3361 1326 3423 puerum

224 3445 321 3509 amici
341 3445 395 3508 ‘sui
419 3446 574 3509 Pollionis
605 3446 756 3510 bucolico
780 3447 905 3509 ludicro
930 3446 1071 3508 laudans
1095 3455 1129 3508 et
1152 3444 1327 3508 abstinens

222 3550 393 3625 nominum
419 3569 493 3612 sese
525 3551 658 3631 quidem
685 3551 905 3635 Corydonem,
931 3569 1072 3632 puerum
1097 3568 1178 3612 vero
1203 3548 1326 3612 Alexin

221 3663 327 3718 vocat.

741 3761 801 3822 180
