2908 4284
127 2646 158 2701 15

477 821 624 887 trnnn
647 823 873 905 QVARTVS

674 1017 689 1079 I

216 1165 276 1241 Te,
295 1165 464 1242 Messalla,
482 1186 609 1242 canam,
627 1187 829 1250 quamquam
846 1188 899 1232 me
915 1168 1050 1250 cognita
1064 1170 1170 1232 virtus

215 1279 333 1333 terret:
350 1281 386 1333 ut
401 1270 552 1334 infirmae
568 1283 736 1353 nequeant
752 1272 932 1336 subsistere
948 1274 1044 1346 vires,

215 1371 372 1455 incipiam
388 1383 510 1437 tamen.
557 1395 577 1437 a
590 1375 714 1438 meritis
731 1375 759 1438 si
774 1375 920 1438 carmina
936 1375 1060 1451 laudes,

216 1475 388 1540 deficiant:
404 1478 538 1540 humilis
553 1478 656 1541 tantis
672 1480 733 1542 sim
750 1479 901 1542 conditor
917 1481 1009 1553 actis,

217 1599 280 1643 nec
295 1590 353 1644 tua
367 1591 500 1662 praeter
515 1591 548 1644 te
564 1583 689 1645 chartis
704 1582 851 1645 intexere
864 1582 1039 1664 quisquam

216 1683 308 1747 facta
323 1694 432 1766 queat,
450 1685 547 1748 dictis
563 1695 681 1749 utnon
699 1687 823 1748 maiora
838 1687 1017 1767 supersint.

216 1797 267 1851 est
281 1787 377 1851 nobis
391 1789 537 1852 voluisse
552 1789 643 1863 satis,
660 1809 722 1852 nec
738 1809 877 1852 munera
893 1809 997 1871 parva

216 1890 393 1972 respueris.
440 1893 541 1955 etiam
558 1893 693 1956 Phoebo
709 1893 897 1973 gratissima
912 1892 1001 1955 dona

217 1995 298 2059 Cres
314 1995 399 2070 tulit,
416 2005 449 2059 et
465 1995 593 2059 cunctis
611 1996 745 2060 Baccho
760 1995 933 2058 iucundior
949 1995 1072 2077 hospes

217 2097 342 2174 Icarus,
359 2107 396 2161 ut
411 2118 494 2180 puro
510 2108 677 2162 testantur
692 2099 801 2162 sidera
816 2099 910 2162 caelo

218 2201 430 2283 Erigoneque
446 2203 623 2284 Canisque,
641 2212 742 2284 neget
758 2222 800 2266 ne
816 2201 946 2284 longior
961 2212 1063 2266 aetas.

216 2303 412 2386 quinetiam
428 2305 575 2382 Alcides,
592 2305 675 2369 deus
687 2325 886 2369 ascensurus
903 2305 1096 2390 Olympum,

216 2408 303 2471 laeta
317 2408 523 2486 ‘Molorcheis
539 2410 651 2491 posuit
665 2409 806 2489 vestigia
822 2408 927 2484 tectis,
1046 2414 1049 2422 '

216 2531 386 2594 parvaque
402 2513 554 2576 caelestis
570 2513 714 2595 placavit
730 2513 825 2588 mica,
843 2532 904 2576 nec
920 2512 984 2577 illis

217 2634 350 2696 semper
364 2615 515 2680 inaurato
531 2626 646 2680 taurus
663 2615 752 2678 cadit
767 2617 875 2679 hostia
891 2635 1003 2679 cornu.

216 2719 270 2782 hic
286 2739 417 2801 quoque
434 2719 476 2783 sit
491 2730 606 2800 gratus
623 2740 745 2802 parvus
762 2720 863 2795 labor,
881 2731 918 2783 ut
933 2720 993 2783 tibi
1009 2721 1135 2802 possim

214 2822 293 2886 inde
309 2821 391 2885 alios
406 2823 554 2906 aliosque
570 2844 697 2886 memor
711 2843 913 2904 componere
927 2843 1052 2886 versus.

260 2925 343 2988 alter
358 2926 447 2990 dicat
460 2947 546 3009 opus
562 2927 675 3008 magni
691 2927 840 2990 mirabile
856 2926 979 3002 mundi,

217 3030 323 3110 qualis
338 3028 372 3091 in
387 3030 551 3094 immenso
566 3030 731 3093 desederit
747 3049 824 3094 aere
839 3030 946 3106 tellus,

215 3132 322 3215 qualis
338 3132 421 3196 etin
437 3153 575 3196 curvum
591 3143 714 3215 pontus
730 3133 924 3197 confluxerit
940 3134 1063 3210 orbem,

216 3245 250 3298 et
264 3255 379 3317 vagus,
396 3256 415 3300 e
431 3238 527 3300 terris
543 3257 609 3319 qua
625 3257 761 3317 surgere
778 3238 901 3311 nititur,
919 3256 985 3313 aer,

216 3338 293 3401 huic
310 3349 344 3403 et
359 3349 533 3403 contextus
549 3340 672 3421 passim
689 3339 770 3403 fluat
786 3341 906 3421 igneus
922 3340 1046 3416 aether,

216 3441 442 3525 pendentique
459 3463 559 3524 super
574 3443 771 3506 claudantur
787 3452 822 3505 ut
839 3442 950 3504 omnia
966 3442 1075 3506 caelo:

215 3554 250 3607 at
265 3546 497 3628 quodcumque
514 3565 607 3608 meae
623 3555 781 3626 poterunt
796 3546 918 3608 audere
936 3547 1113 3619 Camenae,

216 3668 276 3712 seu
291 3649 351 3712 tibi
367 3670 427 3731 par
442 3658 601 3730 poterunt
615 3669 684 3724 seu,
701 3649 790 3731 quod
807 3669 884 3730 spes
900 3649 1024 3723 abnuit,
1042 3649 1126 3712 ultra

648 3766 708 3832 159
