2900 4282
617 281 730 331 NOTES
755 343 758 349 Ι
1107 277 1145 343 [2,
1160 292 1180 338 r,
1193 291 1224 341 24

153 460 194 496 ao.
218 447 266 494 For
286 445 330 495 the
350 460 439 511 prayer
459 444 557 509 against
574 445 674 504 wolves,
695 458 716 504 1,
737 459 757 504 1,
776 443 962 508 33.—celeres
983 441 1099 493 tardior:
1122 443 1160 491 for
1179 442 1224 492 the

118 535 232 578 contrast
244 529 277 591 by
288 528 474 592 juxtaposition,
489 541 510 586 1,
523 527 546 587 8,
560 533 592 590 30
603 545 628 576 n.

153 623 244 672 2144.
267 612 291 659 A
302 611 406 673 general
417 611 546 659 reference
561 616 589 659 to
605 611 648 659 the
663 611 740 660 rustic
756 610 954 672 merry-malring
968 610 1000 670 by
1013 608 1095 657 which
1107 609 1151 656 the
1163 610 1224 656 Am·

119 693 231 754 barvalia
243 693 294 741 and
308 692 380 741 other
392 692 511 756 religione
523 692 633 742 festivals
645 692 674 741 of
683 709 698 741 a
710 692 803 741 similar
816 700 903 740 nature
913 707 979 740 were
991 690 1116 753 regularly
1126 706 1223 738 accom-

118 775 226 840 panied;
248 791 287 839 cp.
306 788 327 833 1,
346 788 383 833 10,
397 787 439 840 513
462 788 484 834 2,
498 786 520 839 5,
532 787 577 840 95;
599 774 642 823 the
661 775 793 838 charming
809 774 982 838 Pervigilium
1008 773 1130 828 Veneris,·
1148 773 1223 834 Verg.

123 860 153 907 G.
167 870 190 916 2,
202 869 263 923 5273
287 873 338 921 esp.
350 858 377 907 in
389 857 438 906 this
450 858 611 916 connection,
624 857 700 916 Ovid,
711 858 791 917 Fasti,
804 869 827 920 3,
840 869 928 922 523—

360 981 444 1026 ldibus
455 987 491 1026 est
502 982 586 1026 Annae
597 980 683 1026 festum
694 981 788 1037 geniale
801 981 931 1028 Perennae.

397 1056 462 1100 haud
473 1056 558 1113 procul
568 1069 583 1100 a
593 1055 657 1112 ripis,
669 1056 762 1099 advena
773 1055 870 1112 Thybri,
882 1053 928 1099 tuis

368 1129 436 1187 plebs
447 1129 510 1174 venit
521 1143 549 1173 ac
560 1129 647 1174 virides
658 1129 748 1187 passim
760 1129 860 1174 disiecta
870 1142 912 1186 per
923 1129 1009 1172 herbas

396 1210 469 1262 potat,
481 1210 503 1248 et
514 1202 635 1248 accumbit
647 1216 701 1248 cum
713 1216 771 1261 pare
782 1203 884 1261 quisque
895 1216 946 1248 sua.

368 1279 415 1324 sub
426 1279 484 1323 Iove
495 1290 550 1336 pars
561 1278 638 1331 durat,
649 1277 720 1335 pauci
732 1277 833 1322 tentoria
843 1283 943 1334 ponunt,

396 1359 451 1398 sunt
462 1353 550 1410 quibus
561 1365 574 1395 e
585 1353 658 1397 ramis
669 1351 771 1397 frondea
781 1351 844 1396 facta
854 1365 911 1397 casa
922 1359 970 1404 est:

301 1416 304 1421 ¹
368 1440 431 1485 pars,
442 1426 483 1472 ubi
493 1440 538 1485 pro
548 1426 630 1484 rigidis
642 1427 749 1472 calamos
760 1433 862 1471 statuere
874 1425 1001 1482 columnis,

397 1502 501 1558 desuper
511 1507 618 1545 extentas
629 1501 766 1559 imposuere
777 1507 853 1566 togas.

367 1577 419 1622 sole
429 1581 509 1621 tamen
521 1577 629 1634 vinoque
639 1577 724 1628 calent,
735 1588 863 1633 annosque
873 1581 1007 1633 precantur,

398 1656 457 1707 quot
467 1656 564 1696 sumant
576 1651 682 1708 cyathos,
693 1651 726 1695 ad
736 1663 912 1707 numerumque
922 1649 1016 1694 bibunt.

367 1723 474 1770 invenies
485 1725 540 1777 illic,
550 1725 592 1782 qui
604 1724 714 1769 Nestoris
723 1725 804 1769 ebibat
815 1737 900 1777 annos,

399 1812 463 1857 quae
473 1799 502 1843 sit
513 1813 556 1855 per
566 1799 653 1844 calices
663 1799 725 1844 facta
736 1800 826 1857 Sibylla
836 1812 902 1844 suos.

370 1872 417 1918 illic
428 1880 451 1918 et
461 1881 557 1918 cantant
567 1873 687 1931 quidquid
698 1873 804 1918 didicere
814 1873 919 1927 theatris,

399 1954 423 1992 et
433 1946 521 1992 iactant
531 1947 611 1992 faciles
622 1949 654 1992 ad
665 1961 708 1992 sua
719 1949 793 1992 verba
803 1960 898 2001 manus;

368 2028 392 2067 et
402 2023 494 2067 ducunt
503 2022 582 2080 posito
593 2023 666 2066 duras
677 2029 767 2066 cratere
778 2022 884 2074 choreas,

397 2097 511 2154 cultaque
521 2097 614 2141 diffusis
625 2097 695 2141 saltat
705 2096 785 2141 amica
796 2097 880 2142 cornis.

369 2184 425 2216 cum
436 2173 543 2224 redeunt,
554 2171 656 2215 titubant
667 2178 690 2215 et
701 2177 755 2216 sunt
765 2171 902 2227 spectacula
912 2171 984 2228 volgi,

397 2251 421 2290 et
431 2244 563 2290 fortunatos
574 2245 647 2290 obvia
657 2246 726 2290 turba
736 2252 814 2290 vocat.

370 2320 463 2366 occurri
474 2333 564 2378 nuper:
581 2320 632 2365 visa
642 2328 678 2364 est
689 2319 747 2365 mihi
758 2320 832 2377 digna
842 2320 917 2365 relatu

398 2407 501 2452 pompa:
519 2407 602 2438 senem
613 2401 697 2451 potum
709 2401 766 2452 pota
777 2394 884 2439 trahebat
895 2407 963 2439 anus.
999 2420 1002 2428 ·

156 2526 197 2561 22.
220 2512 335 2562 Bonfires
352 2527 395 2562 are
413 2518 510 2570 meant3
532 2527 571 2575 cp.
587 2529 629 2576 eg.
646 2513 721 2575 Verg.
741 2513 770 2562 G.
786 2525 807 2570 2,
825 2525 880 2576 527,
894 2511 962 2575 ‘ipse
980 2510 1034 2559 dies
1051 2510 1131 2572 agitat
1148 2509 1226 2558 festos

122 2593 242 2658 fususque
262 2610 307 2658 per
326 2593 440 2653 herbam,
456 2593 459 2659 Ι
475 2594 541 2656 ignis
559 2593 602 2642 ubi
620 2594 644 2642 in
666 2595 759 2654 medio,
777 2601 801 2643 et
823 2593 884 2642 socii
905 2601 1001 2642 cratera
1021 2592 1159 2650 coronant‚’
1178 2598 1225 2639 etc.

121 2675 207 2725 Those
224 2675 281 2724 who
297 2676 373 2725 think
391 2678 434 2725 the
453 2676 590 2738 Paganalia
611 2676 663 2741 (alr.
682 2693 697 2724 a
714 2677 803 2724 winter
822 2674 932 2735 festival)
953 2677 973 2723 is
992 2674 1101 2723 referred
1121 2681 1147 2722 to
1165 2673 1225 2722 take

123 2771 205 2819 22-24
217 2774 291 2806 asan
306 2759 397 2806 indoor
413 2774 488 2807 scene
500 2758 527 2806 in
539 2758 621 2806 which
640 2759 683 2807 the
696 2775 791 2806 vernae
808 2774 850 2806 are
868 2757 933 2806 little
951 2757 1018 2805 slave
1036 2756 1150 2804 children
1168 2753 1225 2802 who

122 2840 181 2904 play
192 2847 218 2888 at
231 2841 350 2903 ‘making
361 2840 467 2889 houses’
483 2840 574 2905 (casae,
586 2857 626 2904 cp.
640 2842 703 2891 Hor.
717 2842 770 2889 Sat.
781 2854 803 2899 2,
814 2853 836 2903 3,
847 2839 908 2903 247)
923 2839 950 2887 in
964 2839 1031 2887 front
1046 2837 1129 2902 (ante)
1144 2837 1173 2885 of
1182 2837 1225 2885 the

122 2923 166 2970 fire
179 2937 212 2970 on
224 2921 269 2971 the
281 2922 371 2972 hearth
383 2922 482 2988 (soco);
503 2938 545 2971 see
558 2939 600 2986 eg.
614 2924 732 2985 Postgate
745 2925 782 2970 ad
789 2924 831 2971 loc.

156 3019 196 3065 23.
221 3003 291 3054 Here
306 3006 344 3054 for
356 3021 371 3053 a
383 3012 494 3054 moment
510 3020 623 3066 emerges
639 3005 684 3054 the
701 3005 820 3069 practical
840 3006 947 3053 Roman.
981 3004 1037 3053 One
1056 3003 1076 3050 is
1094 3002 1225 3051 reminded

123 3087 152 3135 of
170 3086 211 3135 the
225 3087 300 3136 Elder
312 3088 396 3136 Cato’s
414 3087 501 3136 advice
519 3094 547 3135 to
559 3086 602 3135 the
619 3090 776 3152 prospective
789 3087 924 3152 purchaser
936 3087 965 3135 of
981 3102 995 3134 a
1007 3086 1079 3150 place
1094 3084 1148 3148 (Dr
1159 3085 1226 3147 Agri

126 3169 191 3218 Culr.
207 3181 227 3228 r,
240 3169 279 3232 2),
292 3170 381 3218 ‘vicini
394 3185 445 3233 quo
457 3176 531 3234 pacto
549 3170 654 3229 niteant,
667 3172 692 3219 id
709 3171 821 3219 animum
836 3170 973 3226 advertito;
995 3169 1020 3216 in
1039 3169 1106 3216 bona
1121 3167 1225 3229 regione

122 3251 188 3300 bene
201 3251 281 3300 nitere
294 3252 453 3316 oportebit’;
475 3268 513 3316 cp.
527 3251 631 3311 Seneca,
644 3255 725 3317 Epist.
745 3253 784 3311 66,
798 3266 836 3314 23,
849 3251 958 3315 ‘alioqui
975 3251 1024 3299 hoc
1042 3251 1089 3298 erit
1102 3265 1130 3297 ex
1143 3264 1224 3296 servo·

122 3349 177 3382 rum
201 3332 291 3383 habitu
314 3335 444 3383 dominum
468 3334 630 3392 aestimare';
656 3337 720 3384 Hor.
745 3336 823 3400 Epod.
846 3348 868 3393 2,
892 3335 932 3398 65,
950 3333 1107 3397 ‘positosque
1128 3346 1225 3387 vernas,

122 3415 182 3465 ditis
201 3431 306 3465 examen
319 3417 416 3475 domus,
433 3415 436 3481 Ι
451 3417 546 3465 circum
558 3417 697 3466 renidentis
710 3419 796 3476 Laris,’
809 3425 857 3466 etc.

156 3513 196 3559 24.
230 3512 264 3549 ex
276 3499 376 3564 virgis:
397 3498 439 3548 the
450 3499 508 3560 only
520 3500 653 3562 exception
664 3508 690 3548 to
703 3500 746 3549 the
759 3501 812 3549 rule
825 3499 853 3547 ol
863 3499 936 3547 rand
949 3515 965 3545 a
977 3497 1064 3545 before
1074 3501 1226 3544 consonante

121 3580 147 3628 in
159 3580 283 3640 Tibullus,
298 3597 339 3630 see
357 3595 377 3639 1,
392 3581 415 3640 6,
431 3595 458 3630 21
476 3582 624 3631 n.-ante:
646 3583 684 3631 ia.
699 3584 866 3648 antefatum.
876 3609 906 3616 —
917 3592 1009 3630 casas:
1029 3578 1071 3626 the
1084 3584 1226 3641 temporary

120 3661 228 3712 shelters
245 3663 343 3727 against
360 3679 416 3723 sun,
434 3670 494 3723 etc,
512 3664 636 3728 regularly
654 3664 718 3713 built
736 3665 774 3714 for
793 3679 837 3713 use
855 3679 888 3711 on
907 3663 969 3711 such
990 3661 1127 3710 occasions.
1170 3658 1226 3707 The

647 3805 710 3872 397
