<?xml version="1.0" encoding="UTF-8"?>
<!DOCTYPE html PUBLIC "-//W3C//DTD XHTML 1.0 Transitional//EN"
    "http://www.w3.org/TR/xhtml1/DTD/xhtml1-transitional.dtd">
<html xmlns="http://www.w3.org/1999/xhtml" xml:lang="en" lang="en">
 <head>
  <title>
</title>
<meta http-equiv="Content-Type" content="text/html;charset=utf-8" />
  <meta name='ocr-system' content='tesseract 3.04.00' />
  <meta name='ocr-capabilities' content='ocr_page ocr_carea ocr_par ocr_line ocrx_word'/>
</head>
<body>
  <div class='ocr_page' id='page_1' title='image "./elegiesalbiusti00smitgoog_0149.png"; bbox 0 0 2908 4284; ppageno 0'>
   <div class='ocr_carea' id='block_1_1' title="bbox 232 260 867 364">
    <p class='ocr_par' dir='ltr' id='par_1_1' title="bbox 232 260 867 364">
     <span class='ocr_line' id='line_1_1' title="bbox 232 260 867 364; baseline -0.014 -14"><span class='ocrx_word' id='word_1_1' title='bbox 232 313 255 360; x_wconf 85' lang='lat' dir='ltr'><strong>a,</strong></span> <span class='ocrx_word' id='word_1_2' title='bbox 267 311 289 363; x_wconf 91' lang='grc'><strong>5,</strong></span> <span class='ocrx_word' id='word_1_3' title='bbox 301 260 348 364; x_wconf 56' lang='grc'><strong>55]</strong></span> <span class='ocrx_word' id='word_1_4' title='bbox 698 293 867 342; x_wconf 85' lang='lat' dir='ltr'>TIBVLLVS</span> 
     </span>
    </p>
   </div>
   <div class='ocr_carea' id='block_1_2' title="bbox 226 437 1254 2716">
    <p class='ocr_par' dir='ltr' id='par_1_2' title="bbox 226 437 1254 2716">
     <span class='ocr_line' id='line_1_2' title="bbox 314 437 1124 535; baseline 0 -14"><span class='ocrx_word' id='word_1_5' title='bbox 314 437 381 522; x_wconf 91' lang='lat' dir='ltr'><strong>illic</strong></span> <span class='ocrx_word' id='word_1_6' title='bbox 396 469 531 524; x_wconf 87' lang='lat' dir='ltr'><strong>sanctus</strong></span> <span class='ocrx_word' id='word_1_7' title='bbox 548 461 623 535; x_wconf 91' lang='lat' dir='ltr'><strong>eris,</strong></span> <span class='ocrx_word' id='word_1_8' title='bbox 641 479 716 522; x_wconf 92' lang='lat' dir='ltr'><strong>curn</strong></span> <span class='ocrx_word' id='word_1_9' title='bbox 732 468 765 521; x_wconf 91' lang='lat' dir='ltr'><strong>te</strong></span> <span class='ocrx_word' id='word_1_10' title='bbox 782 459 973 521; x_wconf 92' lang='lat' dir='ltr'><strong>veneranda</strong></span> <span class='ocrx_word' id='word_1_11' title='bbox 991 457 1124 521; x_wconf 90' lang='lat' dir='ltr'>Numici</span> 
     </span>
     <span class='ocr_line' id='line_1_3' title="bbox 320 561 1022 643; baseline 0.001 -18"><span class='ocrx_word' id='word_1_12' title='bbox 320 565 322 568; x_wconf 78' lang='grc'><strong>’</strong></span> <span class='ocrx_word' id='word_1_13' title='bbox 358 563 448 625; x_wconf 91' lang='lat' dir='ltr'><strong>unda</strong></span> <span class='ocrx_word' id='word_1_14' title='bbox 463 563 562 626; x_wconf 91' lang='lat' dir='ltr'><strong>deum</strong></span> <span class='ocrx_word' id='word_1_15' title='bbox 579 562 672 625; x_wconf 90' lang='lat' dir='ltr'><strong>caelo</strong></span> <span class='ocrx_word' id='word_1_16' title='bbox 689 561 815 624; x_wconf 86' lang='lat' dir='ltr'><strong>miserit</strong></span> <span class='ocrx_word' id='word_1_17' title='bbox 830 561 1022 643; x_wconf 86' lang='lat' dir='ltr'><strong>indigetem.</strong></span> 
     </span>
     <span class='ocr_line' id='line_1_4' title="bbox 227 661 1087 747; baseline -0.003 -16"><span class='ocrx_word' id='word_1_18' title='bbox 227 691 258 745; x_wconf 83' lang='lat'><strong>45</strong></span> <span class='ocrx_word' id='word_1_19' title='bbox 314 685 392 731; x_wconf 89' lang='lat' dir='ltr'><strong>ecce</strong></span> <span class='ocrx_word' id='word_1_20' title='bbox 408 685 510 747; x_wconf 91' lang='lat' dir='ltr'><strong>super</strong></span> <span class='ocrx_word' id='word_1_21' title='bbox 526 666 634 728; x_wconf 82' lang='lat' dir='ltr'><strong>fessas</strong></span> <span class='ocrx_word' id='word_1_22' title='bbox 650 665 766 728; x_wconf 91' lang='lat' dir='ltr'><strong>volitat</strong></span> <span class='ocrx_word' id='word_1_23' title='bbox 780 661 929 728; x_wconf 85' lang='lat' dir='ltr'><strong>Victoria</strong></span> <span class='ocrx_word' id='word_1_24' title='bbox 945 685 1087 747; x_wconf 86' lang='lat' dir='ltr'>puppes,</span> 
     </span>
     <span class='ocr_line' id='line_1_5' title="bbox 358 768 1103 850; baseline -0.003 -18"><span class='ocrx_word' id='word_1_25' title='bbox 358 769 493 832; x_wconf 88' lang='lat' dir='ltr'><strong>tandem</strong></span> <span class='ocrx_word' id='word_1_26' title='bbox 510 769 553 832; x_wconf 90' lang='lat' dir='ltr'><strong>ad</strong></span> <span class='ocrx_word' id='word_1_27' title='bbox 569 769 733 832; x_wconf 89' lang='lat' dir='ltr'><strong>Troianos</strong></span> <span class='ocrx_word' id='word_1_28' title='bbox 751 768 828 830; x_wconf 90' lang='lat' dir='ltr'><strong>diva</strong></span> <span class='ocrx_word' id='word_1_29' title='bbox 844 769 988 850; x_wconf 86' lang='lat' dir='ltr'><strong>superba</strong></span> <span class='ocrx_word' id='word_1_30' title='bbox 1003 769 1103 832; x_wconf 91' lang='lat' dir='ltr'><strong>venit.</strong></span> 
     </span>
     <span class='ocr_line' id='line_1_6' title="bbox 314 871 1091 937; baseline -0.001 -1"><span class='ocrx_word' id='word_1_31' title='bbox 314 892 393 937; x_wconf 92' lang='lat' dir='ltr'><strong>ecce</strong></span> <span class='ocrx_word' id='word_1_32' title='bbox 410 872 490 934; x_wconf 90' lang='lat' dir='ltr'><strong>mihi</strong></span> <span class='ocrx_word' id='word_1_33' title='bbox 507 873 619 936; x_wconf 91' lang='lat' dir='ltr'><strong>lucent</strong></span> <span class='ocrx_word' id='word_1_34' title='bbox 637 872 769 935; x_wconf 85' lang='lat' dir='ltr'><strong>Rutulis</strong></span> <span class='ocrx_word' id='word_1_35' title='bbox 785 871 940 935; x_wconf 90' lang='lat' dir='ltr'><strong>incendia</strong></span> <span class='ocrx_word' id='word_1_36' title='bbox 956 871 1091 935; x_wconf 79' lang='lat' dir='ltr'><strong>castris:</strong></span> 
     </span>
     <span class='ocr_line' id='line_1_7' title="bbox 358 973 1119 1057; baseline 0.001 -19"><span class='ocrx_word' id='word_1_37' title='bbox 358 976 423 1039; x_wconf 87' lang='lat' dir='ltr'><strong>iam</strong></span> <span class='ocrx_word' id='word_1_38' title='bbox 438 975 498 1039; x_wconf 92' lang='lat' dir='ltr'><strong>tibi</strong></span> <span class='ocrx_word' id='word_1_39' title='bbox 514 976 679 1057; x_wconf 89' lang='lat' dir='ltr'><strong>praedico,</strong></span> <span class='ocrx_word' id='word_1_40' title='bbox 696 975 836 1039; x_wconf 86' lang='lat' dir='ltr'><strong>barbare</strong></span> <span class='ocrx_word' id='word_1_41' title='bbox 852 973 975 1051; x_wconf 89' lang='lat' dir='ltr'><strong>Turne,</strong></span> <span class='ocrx_word' id='word_1_42' title='bbox 992 995 1119 1039; x_wconf 86' lang='lat' dir='ltr'><strong>necem.</strong></span> 
     </span>
     <span class='ocr_line' id='line_1_8' title="bbox 314 1079 1254 1160; baseline 0 -17"><span class='ocrx_word' id='word_1_43' title='bbox 314 1089 393 1143; x_wconf 89' lang='lat' dir='ltr'><strong>ante</strong></span> <span class='ocrx_word' id='word_1_44' title='bbox 409 1079 522 1143; x_wconf 89' lang='lat' dir='ltr'><strong>oculos</strong></span> <span class='ocrx_word' id='word_1_45' title='bbox 540 1080 690 1142; x_wconf 90' lang='lat' dir='ltr'>Laurens</span> <span class='ocrx_word' id='word_1_46' title='bbox 707 1088 853 1141; x_wconf 89' lang='lat' dir='ltr'><strong>castrum</strong></span> <span class='ocrx_word' id='word_1_47' title='bbox 870 1098 1050 1160; x_wconf 91' lang='lat' dir='ltr'><strong>murusque</strong></span> <span class='ocrx_word' id='word_1_48' title='bbox 1068 1079 1187 1142; x_wconf 91' lang='lat' dir='ltr'><strong>Lavini</strong></span> <span class='ocrx_word' id='word_1_49' title='bbox 1203 1089 1254 1143; x_wconf 90' lang='lat' dir='ltr'><strong>est</strong></span> 
     </span>
     <span class='ocr_line' id='line_1_9' title="bbox 228 1181 1136 1264; baseline -0.002 -17"><span class='ocrx_word' id='word_1_50' title='bbox 228 1209 259 1264; x_wconf 90' lang='grc' dir='ltr'><strong>5ο</strong></span> <span class='ocrx_word' id='word_1_51' title='bbox 357 1181 513 1264; x_wconf 83' lang='lat' dir='ltr'><strong>Albaque</strong></span> <span class='ocrx_word' id='word_1_52' title='bbox 530 1182 572 1245; x_wconf 90' lang='lat' dir='ltr'><strong>ab</strong></span> <span class='ocrx_word' id='word_1_53' title='bbox 589 1183 738 1246; x_wconf 91' lang='lat' dir='ltr'><strong>Ascanio</strong></span> <span class='ocrx_word' id='word_1_54' title='bbox 756 1182 890 1245; x_wconf 89' lang='lat' dir='ltr'><strong>condita</strong></span> <span class='ocrx_word' id='word_1_55' title='bbox 907 1182 1026 1263; x_wconf 85' lang='lat' dir='ltr'><strong>Longa</strong></span> <span class='ocrx_word' id='word_1_56' title='bbox 1042 1182 1136 1245; x_wconf 90' lang='lat' dir='ltr'><strong>duce.</strong></span> 
     </span>
     <span class='ocr_line' id='line_1_10' title="bbox 314 1285 1171 1369; baseline -0.004 -17"><span class='ocrx_word' id='word_1_57' title='bbox 314 1296 348 1352; x_wconf 90' lang='lat' dir='ltr'><strong>te</strong></span> <span class='ocrx_word' id='word_1_58' title='bbox 364 1307 496 1369; x_wconf 91' lang='lat' dir='ltr'><strong>quoque</strong></span> <span class='ocrx_word' id='word_1_59' title='bbox 512 1285 576 1348; x_wconf 93' lang='lat' dir='ltr'><strong>iam</strong></span> <span class='ocrx_word' id='word_1_60' title='bbox 593 1286 699 1361; x_wconf 89' lang='lat' dir='ltr'><strong>video,</strong></span> <span class='ocrx_word' id='word_1_61' title='bbox 719 1286 821 1348; x_wconf 87' lang='lat' dir='ltr'><strong>Marti</strong></span> <span class='ocrx_word' id='word_1_62' title='bbox 836 1285 999 1367; x_wconf 88' lang='lat' dir='ltr'><strong>placitura</strong></span> <span class='ocrx_word' id='word_1_63' title='bbox 1015 1286 1171 1349; x_wconf 88' lang='lat' dir='ltr'><strong>sacerdos</strong></span> 
     </span>
     <span class='ocr_line' id='line_1_11' title="bbox 360 1388 926 1465; baseline -0.002 -12"><span class='ocrx_word' id='word_1_64' title='bbox 360 1389 431 1465; x_wconf 86' lang='lat' dir='ltr'><strong>Ilia,</strong></span> <span class='ocrx_word' id='word_1_65' title='bbox 447 1389 602 1453; x_wconf 82' lang='lat' dir='ltr'><strong>Vestales</strong></span> <span class='ocrx_word' id='word_1_66' title='bbox 620 1388 806 1452; x_wconf 87' lang='lat' dir='ltr'><strong>deseruisse</strong></span> <span class='ocrx_word' id='word_1_67' title='bbox 823 1389 926 1464; x_wconf 83' lang='lat' dir='ltr'><strong>locos,</strong></span> 
     </span>
     <span class='ocr_line' id='line_1_12' title="bbox 314 1491 1144 1574; baseline -0.001 -17"><span class='ocrx_word' id='word_1_68' title='bbox 314 1492 576 1574; x_wconf 89' lang='lat' dir='ltr'><strong>concubitusque</strong></span> <span class='ocrx_word' id='word_1_69' title='bbox 593 1501 668 1555; x_wconf 94' lang='lat' dir='ltr'><strong>tuos</strong></span> <span class='ocrx_word' id='word_1_70' title='bbox 685 1491 799 1555; x_wconf 87' lang='lat' dir='ltr'><strong>lurtim</strong></span> <span class='ocrx_word' id='word_1_71' title='bbox 815 1493 981 1574; x_wconf 91' lang='lat' dir='ltr'><strong>vittasque</strong></span> <span class='ocrx_word' id='word_1_72' title='bbox 997 1492 1144 1557; x_wconf 88' lang='lat' dir='ltr'><strong>iacentes</strong></span> 
     </span>
     <span class='ocr_line' id='line_1_13' title="bbox 358 1595 999 1678; baseline -0.002 -18"><span class='ocrx_word' id='word_1_73' title='bbox 358 1607 391 1660; x_wconf 92' lang='lat' dir='ltr'><strong>et</strong></span> <span class='ocrx_word' id='word_1_74' title='bbox 407 1596 518 1678; x_wconf 92' lang='lat' dir='ltr'><strong>cupidi</strong></span> <span class='ocrx_word' id='word_1_75' title='bbox 534 1596 576 1660; x_wconf 91' lang='lat' dir='ltr'><strong>ad</strong></span> <span class='ocrx_word' id='word_1_76' title='bbox 593 1596 682 1678; x_wconf 89' lang='lat' dir='ltr'><strong>ripas</strong></span> <span class='ocrx_word' id='word_1_77' title='bbox 699 1615 791 1658; x_wconf 89' lang='lat' dir='ltr'><strong>arma</strong></span> <span class='ocrx_word' id='word_1_78' title='bbox 806 1597 921 1659; x_wconf 90' lang='lat' dir='ltr'><strong>relicta</strong></span> <span class='ocrx_word' id='word_1_79' title='bbox 937 1595 999 1659; x_wconf 92' lang='lat' dir='ltr'><strong>dei.</strong></span> 
     </span>
     <span class='ocr_line' id='line_1_14' title="bbox 228 1699 1194 1782; baseline -0.002 -17"><span class='ocrx_word' id='word_1_80' title='bbox 228 1727 258 1782; x_wconf 90' lang='grc'><strong>55</strong></span> <span class='ocrx_word' id='word_1_81' title='bbox 313 1700 439 1782; x_wconf 86' lang='lat' dir='ltr'><strong>carpite</strong></span> <span class='ocrx_word' id='word_1_82' title='bbox 455 1719 553 1776; x_wconf 94' lang='lat' dir='ltr'><strong>nunc,</strong></span> <span class='ocrx_word' id='word_1_83' title='bbox 571 1701 665 1775; x_wconf 91' lang='lat' dir='ltr'><strong>tauri,</strong></span> <span class='ocrx_word' id='word_1_84' title='bbox 683 1700 725 1763; x_wconf 90' lang='lat' dir='ltr'><strong>de</strong></span> <span class='ocrx_word' id='word_1_85' title='bbox 741 1709 870 1779; x_wconf 86' lang='lat' dir='ltr'><strong>septem</strong></span> <span class='ocrx_word' id='word_1_86' title='bbox 888 1699 1055 1763; x_wconf 90' lang='lat' dir='ltr'><strong>montibus</strong></span> <span class='ocrx_word' id='word_1_87' title='bbox 1072 1699 1194 1763; x_wconf 90' lang='lat' dir='ltr'><strong>herbas</strong></span> 
     </span>
     <span class='ocr_line' id='line_1_15' title="bbox 357 1802 1170 1885; baseline -0.001 -18"><span class='ocrx_word' id='word_1_88' title='bbox 357 1804 436 1867; x_wconf 96' lang='lat' dir='ltr'><strong>dum</strong></span> <span class='ocrx_word' id='word_1_89' title='bbox 454 1804 549 1867; x_wconf 87' lang='lat' dir='ltr'><strong>licet:</strong></span> <span class='ocrx_word' id='word_1_90' title='bbox 573 1803 626 1867; x_wconf 92' lang='lat' dir='ltr'><strong>hic</strong></span> <span class='ocrx_word' id='word_1_91' title='bbox 644 1823 786 1885; x_wconf 89' lang='lat' dir='ltr'><strong>magnae</strong></span> <span class='ocrx_word' id='word_1_92' title='bbox 802 1803 867 1866; x_wconf 88' lang='lat' dir='ltr'><strong>iam</strong></span> <span class='ocrx_word' id='word_1_93' title='bbox 885 1803 976 1866; x_wconf 93' lang='lat' dir='ltr'><strong>locus</strong></span> <span class='ocrx_word' id='word_1_94' title='bbox 992 1802 1082 1866; x_wconf 90' lang='lat' dir='ltr'><strong>urbis</strong></span> <span class='ocrx_word' id='word_1_95' title='bbox 1098 1804 1170 1867; x_wconf 90' lang='lat' dir='ltr'><strong>erit.</strong></span> 
     </span>
     <span class='ocr_line' id='line_1_16' title="bbox 316 1907 1096 1988; baseline -0.003 -16"><span class='ocrx_word' id='word_1_96' title='bbox 316 1910 433 1985; x_wconf 91' lang='lat' dir='ltr'><strong>Roma,</strong></span> <span class='ocrx_word' id='word_1_97' title='bbox 450 1919 544 1971; x_wconf 95' lang='lat' dir='ltr'><strong>tuum</strong></span> <span class='ocrx_word' id='word_1_98' title='bbox 560 1927 681 1971; x_wconf 91' lang='lat' dir='ltr'><strong>nomen</strong></span> <span class='ocrx_word' id='word_1_99' title='bbox 699 1909 795 1971; x_wconf 90' lang='lat' dir='ltr'><strong>terris</strong></span> <span class='ocrx_word' id='word_1_100' title='bbox 811 1907 915 1971; x_wconf 86' lang='lat' dir='ltr'><strong>fatale</strong></span> <span class='ocrx_word' id='word_1_101' title='bbox 931 1907 1096 1988; x_wconf 87' lang='lat' dir='ltr'><strong>regendis,</strong></span> 
     </span>
     <span class='ocr_line' id='line_1_17' title="bbox 358 2011 1063 2098; baseline -0.001 -23"><span class='ocrx_word' id='word_1_102' title='bbox 358 2033 424 2096; x_wconf 92' lang='lat' dir='ltr'><strong>qua</strong></span> <span class='ocrx_word' id='word_1_103' title='bbox 439 2033 499 2075; x_wconf 89' lang='lat' dir='ltr'><strong>sua</strong></span> <span class='ocrx_word' id='word_1_104' title='bbox 514 2012 556 2076; x_wconf 93' lang='lat' dir='ltr'><strong>de</strong></span> <span class='ocrx_word' id='word_1_105' title='bbox 569 2013 661 2078; x_wconf 90' lang='lat' dir='ltr'><strong>caelo</strong></span> <span class='ocrx_word' id='word_1_106' title='bbox 679 2013 839 2098; x_wconf 89' lang='lat' dir='ltr'><strong>prospicit</strong></span> <span class='ocrx_word' id='word_1_107' title='bbox 855 2031 934 2074; x_wconf 91' lang='lat' dir='ltr'><strong>arva</strong></span> <span class='ocrx_word' id='word_1_108' title='bbox 951 2011 1063 2088; x_wconf 89' lang='lat' dir='ltr'><strong>Ceres,</strong></span> 
     </span>
     <span class='ocr_line' id='line_1_18' title="bbox 314 2114 1152 2200; baseline -0.004 -19"><span class='ocrx_word' id='word_1_109' title='bbox 314 2137 446 2200; x_wconf 92' lang='lat' dir='ltr'><strong>quaque</strong></span> <span class='ocrx_word' id='word_1_110' title='bbox 463 2126 579 2200; x_wconf 93' lang='lat' dir='ltr'><strong>patent</strong></span> <span class='ocrx_word' id='word_1_111' title='bbox 595 2127 686 2180; x_wconf 87' lang='lat' dir='ltr'><strong>ortus</strong></span> <span class='ocrx_word' id='word_1_112' title='bbox 703 2125 818 2198; x_wconf 92' lang='lat' dir='ltr'><strong>etqua</strong></span> <span class='ocrx_word' id='word_1_113' title='bbox 834 2114 1039 2178; x_wconf 87' lang='lat' dir='ltr'><strong>fluitantibus</strong></span> <span class='ocrx_word' id='word_1_114' title='bbox 1055 2115 1152 2178; x_wconf 93' lang='lat' dir='ltr'><strong>undis</strong></span> 
     </span>
     <span class='ocr_line' id='line_1_19' title="bbox 226 2221 1029 2302; baseline -0.004 -15"><span class='ocrx_word' id='word_1_115' title='bbox 226 2235 259 2287; x_wconf 87' lang='lat'><strong>60</strong></span> <span class='ocrx_word' id='word_1_116' title='bbox 357 2224 443 2288; x_wconf 90' lang='lat' dir='ltr'><strong>Solis</strong></span> <span class='ocrx_word' id='word_1_117' title='bbox 460 2225 657 2287; x_wconf 87' lang='lat' dir='ltr'><strong>anhelantes</strong></span> <span class='ocrx_word' id='word_1_118' title='bbox 674 2224 778 2286; x_wconf 90' lang='lat' dir='ltr'><strong>abluit</strong></span> <span class='ocrx_word' id='word_1_119' title='bbox 793 2221 900 2284; x_wconf 88' lang='lat' dir='ltr'><strong>amnis</strong></span> <span class='ocrx_word' id='word_1_120' title='bbox 916 2239 1029 2302; x_wconf 89' lang='lat' dir='ltr'><strong>equos.</strong></span> 
     </span>
     <span class='ocr_line' id='line_1_20' title="bbox 314 2321 1130 2410; baseline -0.006 -19"><span class='ocrx_word' id='word_1_121' title='bbox 314 2327 413 2391; x_wconf 89' lang='lat' dir='ltr'><strong>Troia</strong></span> <span class='ocrx_word' id='word_1_122' title='bbox 428 2328 561 2410; x_wconf 94' lang='lat' dir='ltr'><strong>quidem</strong></span> <span class='ocrx_word' id='word_1_123' title='bbox 578 2337 657 2390; x_wconf 91' lang='lat' dir='ltr'><strong>tunc</strong></span> <span class='ocrx_word' id='word_1_124' title='bbox 675 2347 711 2390; x_wconf 92' lang='lat' dir='ltr'><strong>se</strong></span> <span class='ocrx_word' id='word_1_125' title='bbox 728 2325 899 2389; x_wconf 88' lang='lat' dir='ltr'><strong>mirabitur</strong></span> <span class='ocrx_word' id='word_1_126' title='bbox 914 2335 949 2388; x_wconf 91' lang='lat' dir='ltr'><strong>et</strong></span> <span class='ocrx_word' id='word_1_127' title='bbox 965 2323 1027 2387; x_wconf 91' lang='lat' dir='ltr'><strong>sibi</strong></span> <span class='ocrx_word' id='word_1_128' title='bbox 1042 2321 1130 2387; x_wconf 94' lang='lat' dir='ltr'><strong>dicet</strong></span> 
     </span>
     <span class='ocr_line' id='line_1_21' title="bbox 357 2429 1016 2512; baseline -0.006 -19"><span class='ocrx_word' id='word_1_129' title='bbox 357 2451 417 2494; x_wconf 91' lang='lat' dir='ltr'><strong>vos</strong></span> <span class='ocrx_word' id='word_1_130' title='bbox 432 2431 518 2494; x_wconf 91' lang='lat' dir='ltr'><strong>bene</strong></span> <span class='ocrx_word' id='word_1_131' title='bbox 535 2441 601 2494; x_wconf 88' lang='lat' dir='ltr'><strong>tam</strong></span> <span class='ocrx_word' id='word_1_132' title='bbox 618 2431 719 2512; x_wconf 87' lang='lat' dir='ltr'><strong>longa</strong></span> <span class='ocrx_word' id='word_1_133' title='bbox 734 2429 937 2492; x_wconf 90' lang='lat' dir='ltr'><strong>consuluisse</strong></span> <span class='ocrx_word' id='word_1_134' title='bbox 952 2429 1016 2490; x_wconf 88' lang='lat' dir='ltr'><strong>via.</strong></span> 
     </span>
     <span class='ocr_line' id='line_1_22' title="bbox 313 2531 1109 2616; baseline -0.004 -20"><span class='ocrx_word' id='word_1_135' title='bbox 313 2554 393 2597; x_wconf 87' lang='lat' dir='ltr'><strong>vera</strong></span> <span class='ocrx_word' id='word_1_136' title='bbox 409 2554 493 2598; x_wconf 87' lang='lat' dir='ltr'><strong>cano</strong></span> <span class='ocrx_word' id='word_1_137' title='bbox 504 2555 518 2597; x_wconf 74' lang='grc' dir='ltr'><strong>ε.</strong></span> <span class='ocrx_word' id='word_1_138' title='bbox 536 2536 583 2599; x_wconf 90' lang='lat' dir='ltr'><strong>sic</strong></span> <span class='ocrx_word' id='word_1_139' title='bbox 600 2554 705 2616; x_wconf 90' lang='lat' dir='ltr'><strong>usque</strong></span> <span class='ocrx_word' id='word_1_140' title='bbox 721 2553 832 2596; x_wconf 87' lang='lat' dir='ltr'><strong>sacras</strong></span> <span class='ocrx_word' id='word_1_141' title='bbox 848 2531 981 2594; x_wconf 87' lang='lat' dir='ltr'><strong>innoxia</strong></span> <span class='ocrx_word' id='word_1_142' title='bbox 996 2531 1109 2594; x_wconf 88' lang='lat' dir='ltr'><strong>laurus</strong></span> 
     </span>
     <span class='ocr_line' id='line_1_23' title="bbox 358 2634 1084 2716; baseline -0.007 -16"><span class='ocrx_word' id='word_1_143' title='bbox 358 2657 483 2712; x_wconf 88' lang='lat' dir='ltr'><strong>vescar,</strong></span> <span class='ocrx_word' id='word_1_144' title='bbox 500 2646 533 2701; x_wconf 92' lang='lat' dir='ltr'><strong>et</strong></span> <span class='ocrx_word' id='word_1_145' title='bbox 549 2648 720 2702; x_wconf 90' lang='lat' dir='ltr'><strong>aeternum</strong></span> <span class='ocrx_word' id='word_1_146' title='bbox 738 2637 780 2699; x_wconf 93' lang='lat' dir='ltr'><strong>sit</strong></span> <span class='ocrx_word' id='word_1_147' title='bbox 796 2634 876 2698; x_wconf 93' lang='lat' dir='ltr'><strong>mihi</strong></span> <span class='ocrx_word' id='word_1_148' title='bbox 890 2634 1084 2716; x_wconf 66' lang='lat' dir='ltr'><strong>virginitas!</strong></span> 
     </span>
    </p>
   </div>
   <div class='ocr_carea' id='block_1_3' title="bbox 122 2735 1139 2818">
    <p class='ocr_par' dir='ltr' id='par_1_3' title="bbox 122 2735 1139 2818">
     <span class='ocr_line' id='line_1_24' title="bbox 122 2735 1139 2818; baseline -0.011 -9"><span class='ocrx_word' id='word_1_149' title='bbox 122 2798 126 2809; x_wconf 84' lang='grc'><strong><em>,</em></strong></span> <span class='ocrx_word' id='word_1_150' title='bbox 227 2754 259 2818; x_wconf 82' lang='grc'><strong>65</strong></span> <span class='ocrx_word' id='word_1_151' title='bbox 316 2741 397 2804; x_wconf 92' lang='lat' dir='ltr'><strong>haec</strong></span> <span class='ocrx_word' id='word_1_152' title='bbox 413 2741 533 2804; x_wconf 91' lang='lat' dir='ltr'><strong>cecinit</strong></span> <span class='ocrx_word' id='word_1_153' title='bbox 547 2749 641 2804; x_wconf 89' lang='lat' dir='ltr'><strong>vates</strong></span> <span class='ocrx_word' id='word_1_154' title='bbox 657 2750 690 2804; x_wconf 87' lang='lat' dir='ltr'><strong>et</strong></span> <span class='ocrx_word' id='word_1_155' title='bbox 706 2751 738 2803; x_wconf 92' lang='lat' dir='ltr'><strong>te</strong></span> <span class='ocrx_word' id='word_1_156' title='bbox 755 2740 826 2815; x_wconf 88' lang='lat' dir='ltr'><strong>sibi,</strong></span> <span class='ocrx_word' id='word_1_157' title='bbox 844 2738 985 2813; x_wconf 90' lang='lat' dir='ltr'><strong>Phoebe,</strong></span> <span class='ocrx_word' id='word_1_158' title='bbox 1001 2735 1139 2812; x_wconf 87' lang='lat' dir='ltr'><strong>vocavit,</strong></span> 
     </span>
    </p>
   </div>
   <div class='ocr_carea' id='block_1_4' title="bbox 228 2845 1294 3752">
    <p class='ocr_par' dir='ltr' id='par_1_4' title="bbox 358 2845 998 2926">
     <span class='ocr_line' id='line_1_25' title="bbox 358 2845 998 2926; baseline -0.002 -21"><span class='ocrx_word' id='word_1_159' title='bbox 358 2845 493 2908; x_wconf 90' lang='lat' dir='ltr'><strong>iactavit</strong></span> <span class='ocrx_word' id='word_1_160' title='bbox 508 2845 602 2908; x_wconf 88' lang='lat' dir='ltr'><strong>fusas</strong></span> <span class='ocrx_word' id='word_1_161' title='bbox 618 2853 652 2908; x_wconf 91' lang='lat' dir='ltr'><strong>et</strong></span> <span class='ocrx_word' id='word_1_162' title='bbox 667 2852 768 2926; x_wconf 92' lang='lat' dir='ltr'><strong>caput</strong></span> <span class='ocrx_word' id='word_1_163' title='bbox 784 2853 861 2905; x_wconf 90' lang='lat' dir='ltr'><strong>ante</strong></span> <span class='ocrx_word' id='word_1_164' title='bbox 877 2862 998 2905; x_wconf 91' lang='lat' dir='ltr'><strong>comas.</strong></span> 
     </span>
    </p>

    <p class='ocr_par' dir='ltr' id='par_1_5' title="bbox 316 2943 1144 3135">
     <span class='ocr_line' id='line_1_26' title="bbox 316 2943 1144 3029; baseline -0.005 -21"><span class='ocrx_word' id='word_1_165' title='bbox 316 2947 475 3029; x_wconf 90' lang='lat' dir='ltr'><strong>quidquid</strong></span> <span class='ocrx_word' id='word_1_166' title='bbox 492 2947 682 3022; x_wconf 88' lang='lat' dir='ltr'><strong>Amalthea,</strong></span> <span class='ocrx_word' id='word_1_167' title='bbox 699 2946 859 3028; x_wconf 92' lang='lat' dir='ltr'><strong>quidquid</strong></span> <span class='ocrx_word' id='word_1_168' title='bbox 878 2943 1047 3026; x_wconf 89' lang='lat' dir='ltr'><strong>Marpesia</strong></span> <span class='ocrx_word' id='word_1_169' title='bbox 1063 2944 1144 3006; x_wconf 88' lang='lat' dir='ltr'><strong>dixit</strong></span> 
     </span>
     <span class='ocr_line' id='line_1_27' title="bbox 362 3046 1100 3135; baseline -0.003 -23"><span class='ocrx_word' id='word_1_170' title='bbox 362 3051 555 3133; x_wconf 89' lang='lat' dir='ltr'><strong>Herophile,</strong></span> <span class='ocrx_word' id='word_1_171' title='bbox 574 3051 681 3135; x_wconf 91' lang='lat' dir='ltr'><strong>Phyto</strong></span> <span class='ocrx_word' id='word_1_172' title='bbox 699 3050 798 3114; x_wconf 89' lang='lat' dir='ltr'><strong>Graia</strong></span> <span class='ocrx_word' id='word_1_173' title='bbox 814 3047 903 3130; x_wconf 94' lang='lat' dir='ltr'><strong>quod</strong></span> <span class='ocrx_word' id='word_1_174' title='bbox 920 3046 1100 3120; x_wconf 91' lang='lat' dir='ltr'><strong>admonuit,</strong></span> 
     </span>
    </p>

    <p class='ocr_par' dir='ltr' id='par_1_6' title="bbox 315 3150 1233 3236">
     <span class='ocr_line' id='line_1_28' title="bbox 315 3150 1233 3236; baseline -0.007 -20"><span class='ocrx_word' id='word_1_175' title='bbox 315 3174 465 3236; x_wconf 89' lang='lat' dir='ltr'><strong>quasque</strong></span> <span class='ocrx_word' id='word_1_176' title='bbox 482 3155 616 3217; x_wconf 90' lang='lat' dir='ltr'><strong>Aniena</strong></span> <span class='ocrx_word' id='word_1_177' title='bbox 632 3173 744 3216; x_wconf 91' lang='lat' dir='ltr'><strong>sacras</strong></span> <span class='ocrx_word' id='word_1_178' title='bbox 759 3151 882 3214; x_wconf 90' lang='lat' dir='ltr'><strong>Tiburs</strong></span> <span class='ocrx_word' id='word_1_179' title='bbox 899 3171 959 3232; x_wconf 91' lang='lat' dir='ltr'><strong>per</strong></span> <span class='ocrx_word' id='word_1_180' title='bbox 974 3150 1111 3213; x_wconf 88' lang='lat' dir='ltr'><strong>flumina</strong></span> <span class='ocrx_word' id='word_1_181' title='bbox 1127 3156 1233 3211; x_wconf 86' lang='lat' dir='ltr'><strong>sortes</strong></span> 
     </span>
    </p>

    <p class='ocr_par' dir='ltr' id='par_1_7' title="bbox 228 3256 950 3338">
     <span class='ocr_line' id='line_1_29' title="bbox 228 3256 950 3338; baseline -0.003 -19"><span class='ocrx_word' id='word_1_182' title='bbox 228 3283 260 3334; x_wconf 90' lang='lat'><strong>70</strong></span> <span class='ocrx_word' id='word_1_183' title='bbox 359 3259 498 3338; x_wconf 91' lang='lat' dir='ltr'><strong>portarit</strong></span> <span class='ocrx_word' id='word_1_184' title='bbox 515 3258 601 3321; x_wconf 89' lang='lat' dir='ltr'><strong>sicco</strong></span> <span class='ocrx_word' id='word_1_185' title='bbox 619 3256 859 3338; x_wconf 88' lang='lat' dir='ltr'><strong>pertuleritque</strong></span> <span class='ocrx_word' id='word_1_186' title='bbox 875 3257 950 3318; x_wconf 92' lang='lat' dir='ltr'><strong>sinu</strong></span> 
     </span>
    </p>

    <p class='ocr_par' dir='ltr' id='par_1_8' title="bbox 314 3358 1155 3543">
     <span class='ocr_line' id='line_1_30' title="bbox 314 3358 1155 3443; baseline -0.006 -20"><span class='ocrx_word' id='word_1_187' title='bbox 314 3358 413 3443; x_wconf 86' lang='lat' dir='ltr'><strong>(haec</strong></span> <span class='ocrx_word' id='word_1_188' title='bbox 429 3362 501 3424; x_wconf 85' lang='lat' dir='ltr'><strong>iore</strong></span> <span class='ocrx_word' id='word_1_189' title='bbox 518 3360 669 3425; x_wconf 87' lang='lat' dir='ltr'><strong>dixerunt</strong></span> <span class='ocrx_word' id='word_1_190' title='bbox 684 3360 763 3424; x_wconf 90' lang='lat' dir='ltr'><strong>belli</strong></span> <span class='ocrx_word' id='word_1_191' title='bbox 778 3359 865 3422; x_wconf 91' lang='lat' dir='ltr'><strong>mala</strong></span> <span class='ocrx_word' id='word_1_192' title='bbox 881 3361 977 3439; x_wconf 87' lang='lat' dir='ltr'><strong>signa</strong></span> <span class='ocrx_word' id='word_1_193' title='bbox 993 3366 1155 3430; x_wconf 86' lang='lat' dir='ltr'><strong>cometen,</strong></span> 
     </span>
     <span class='ocr_line' id='line_1_31' title="bbox 360 3460 1081 3543; baseline -0.007 -16"><span class='ocrx_word' id='word_1_194' title='bbox 360 3464 483 3527; x_wconf 93' lang='lat' dir='ltr'><strong>multus</strong></span> <span class='ocrx_word' id='word_1_195' title='bbox 499 3473 535 3527; x_wconf 92' lang='lat' dir='ltr'><strong>ut</strong></span> <span class='ocrx_word' id='word_1_196' title='bbox 551 3464 584 3526; x_wconf 93' lang='lat' dir='ltr'><strong>in</strong></span> <span class='ocrx_word' id='word_1_197' title='bbox 600 3475 705 3527; x_wconf 91' lang='lat' dir='ltr'><strong>terras</strong></span> <span class='ocrx_word' id='word_1_198' title='bbox 721 3463 959 3543; x_wconf 88' lang='lat' dir='ltr'><strong>deplueretque</strong></span> <span class='ocrx_word' id='word_1_199' title='bbox 975 3460 1081 3541; x_wconf 89' lang='lat' dir='ltr'><strong>lapis:</strong></span> 
     </span>
    </p>

    <p class='ocr_par' dir='ltr' id='par_1_9' title="bbox 316 3559 1294 3752">
     <span class='ocr_line' id='line_1_32' title="bbox 316 3559 1294 3650; baseline -0.008 -19"><span class='ocrx_word' id='word_1_200' title='bbox 316 3576 416 3650; x_wconf 89' lang='lat' dir='ltr'><strong>atque</strong></span> <span class='ocrx_word' id='word_1_201' title='bbox 432 3568 530 3632; x_wconf 92' lang='lat' dir='ltr'><strong>tubas</strong></span> <span class='ocrx_word' id='word_1_202' title='bbox 545 3578 646 3649; x_wconf 90' lang='lat' dir='ltr'><strong>atque</strong></span> <span class='ocrx_word' id='word_1_203' title='bbox 662 3587 754 3630; x_wconf 89' lang='lat' dir='ltr'><strong>arma</strong></span> <span class='ocrx_word' id='word_1_204' title='bbox 770 3566 883 3629; x_wconf 80' lang='lat' dir='ltr'><strong>ferunt</strong></span> <span class='ocrx_word' id='word_1_205' title='bbox 899 3562 1107 3645; x_wconf 90' lang='lat' dir='ltr'><strong>strepitantia</strong></span> <span class='ocrx_word' id='word_1_206' title='bbox 1124 3559 1225 3626; x_wconf 21' lang='lat' dir='ltr'><strong>caelo*</strong></span> <span class='ocrx_word' id='word_1_207' title='bbox 1292 3637 1294 3642; x_wconf 23' lang='grc' dir='ltr'>Ι</span> 
     </span>
     <span class='ocr_line' id='line_1_33' title="bbox 359 3667 1013 3752; baseline -0.009 -18"><span class='ocrx_word' id='word_1_208' title='bbox 359 3671 472 3734; x_wconf 91' lang='lat' dir='ltr'><strong>audita</strong></span> <span class='ocrx_word' id='word_1_209' title='bbox 488 3680 522 3734; x_wconf 90' lang='lat' dir='ltr'><strong>et</strong></span> <span class='ocrx_word' id='word_1_210' title='bbox 537 3670 628 3734; x_wconf 90' lang='lat' dir='ltr'><strong>lucos</strong></span> <span class='ocrx_word' id='word_1_211' title='bbox 644 3669 869 3752; x_wconf 88' lang='lat' dir='ltr'><strong>praecinuisse</strong></span> <span class='ocrx_word' id='word_1_212' title='bbox 885 3667 1013 3748; x_wconf 83' lang='lat' dir='ltr'><strong>lugam,</strong></span> 
     </span>
    </p>
   </div>
   <div class='ocr_carea' id='block_1_5' title="bbox 635 3791 804 3853">
    <p class='ocr_par' dir='ltr' id='par_1_10' title="bbox 635 3791 804 3853">
     <span class='ocr_line' id='line_1_34' title="bbox 635 3791 804 3853; baseline -0.006 -57"><span class='ocrx_word' id='word_1_213' title='bbox 635 3791 804 3853; x_wconf 59' lang='lat'>,144</span> 
     </span>
    </p>
   </div>
   <div class='ocr_carea' id='block_1_6' title="bbox 0 0 1460 4276">
    <p class='ocr_par' dir='ltr' id='par_1_11' title="bbox 0 0 1460 4276">
     <span class='ocr_line' id='line_1_35' title="bbox 0 0 1460 4276; baseline 0 0"><span class='ocrx_word' id='word_1_214' title='bbox 0 0 1460 4276; x_wconf 95' lang='lat' dir='ltr'><strong> </strong></span> 
     </span>
    </p>
   </div>
  </div>
 </body>
</html>
