2908 4284
533 283 639 334 LIBER
662 282 792 332 PRIMVS

244 449 453 532 persequitur
470 448 586 532 poenis
601 447 709 511 tristia
724 448 816 511 facta
831 448 955 512 Venus.

199 573 340 616 munera
355 573 397 616 ne
414 573 553 635 poscas:
577 552 633 615 det
650 572 787 615 munera
803 571 907 615 canus
922 559 1060 627 amator,
1148 611 1149 614 ,

243 666 281 719 ut
295 656 409 719 foveat
423 656 515 718 molli
530 655 653 737 frigida
670 655 818 718 membra
833 656 917 718 sinu.

200 759 308 824 carior
322 769 374 823 est
389 779 469 823 auro
485 761 614 822 iuvenis
630 760 684 822 cui
700 759 786 822 levia
800 759 934 840 fulgent

245 884 303 927 ora
318 883 380 927 nec
396 865 568 946 amplexus
585 883 703 946 aspera
718 862 822 926 barba
837 863 921 927 terit.

200 968 278 1030 huic
295 977 330 1030 tu
347 968 529 1031 candentes
545 987 661 1030 umero
678 986 831 1049 suppone
848 967 999 1043 lacertos

244 1081 279 1135 et
293 1091 409 1152 regum
425 1090 568 1152 magnae
584 1070 810 1152 despiciantur
825 1091 916 1153 opes.

200 1185 235 1238 at
250 1176 365 1239 Venus
381 1174 528 1239 inveniet
543 1195 648 1257 puero
664 1174 880 1238 succumbere
896 1174 1020 1250 furtim,

243 1279 323 1341 dum
339 1289 444 1342 tumet
459 1287 494 1342 et
508 1289 641 1342 teneros
657 1279 801 1342 conserit
817 1299 921 1360 usque
938 1279 1038 1354 sinus,

200 1391 235 1445 et
250 1382 329 1446 dare
344 1383 515 1446 anhelanti
533 1382 760 1465 pugnantibus
777 1382 889 1447 umida
905 1383 1027 1464 linguis

245 1487 359 1550 oscula
374 1488 457 1550 etin
473 1486 559 1550 collo
575 1488 678 1568 figere
694 1487 794 1550 dente
810 1496 914 1549 notas.

200 1610 268 1652 non
285 1589 370 1671 lapis
386 1589 472 1653 hanc
490 1609 710 1673 gemmaeque
727 1590 841 1653 iuvant
858 1609 943 1672 quae
959 1588 1084 1670 frigore
1101 1587 1171 1652 sola

243 1693 385 1756 dormiat
401 1703 434 1758 et
450 1695 532 1757 nulli
548 1696 590 1758 sit
606 1694 771 1777 cupienda
786 1695 866 1758 viro.

201 1798 267 1860 heu
283 1818 357 1862 sero
372 1808 546 1863 revocatur
561 1818 654 1863 amor
670 1817 809 1880 seroque
824 1797 986 1872 iuventas

245 1922 321 1966 curn
338 1912 435 1966 vetus
450 1902 566 1966 infecit
582 1923 666 1966 cana
682 1911 816 1966 senecta
833 1910 943 1984 caput.

200 2015 272 2069 tum
289 2006 434 2070 studium
454 2006 582 2070 formae
598 2017 666 2070 est:
690 2025 785 2070 coma
803 2015 874 2068 turn
890 2013 1046 2079 mutatur,
1058 2011 1094 2066 ut
1110 2022 1216 2065 annos

245 2109 431 2174 dissimulet
445 2110 542 2174 viridi
558 2110 680 2174 cortice
696 2111 800 2173 tincta
817 2110 930 2172 nucis:

200 2213 317 2278 tollere
332 2224 402 2277 tum
419 2234 497 2277 cura
513 2224 565 2278 est
581 2214 674 2277 albos
690 2233 710 2276 a
727 2214 829 2295 stirpe
846 2212 984 2294 capillos

246 2327 280 2382 et
295 2317 414 2382 faciem
431 2319 568 2400 dempta
586 2318 672 2399 pelle
688 2317 813 2380 referre
829 2335 959 2379 novam.

201 2432 236 2487 at
252 2431 289 2486 tu
305 2423 383 2485 dum
400 2423 498 2505 primi
513 2422 609 2485 floret
624 2421 682 2484 tibi
698 2421 856 2502 temporis
873 2428 965 2482 aetas

245 2536 358 2590 utere:
382 2546 449 2589 non
465 2525 560 2589 tardo
577 2525 698 2587 labitur
713 2523 769 2587 illa
785 2523 879 2606 pede.

202 2650 268 2692 neu
287 2630 477 2693 Marathum
493 2638 629 2711 torque:
654 2648 757 2709 puero
774 2646 859 2709 quae
875 2624 979 2706 gloria
994 2623 1082 2688 victo
1098 2622 1171 2688 est?

244 2733 278 2795 in
295 2742 423 2797 veteres
439 2744 511 2797 esto
527 2733 618 2808 dura,
642 2731 762 2813 puella,
781 2749 888 2794 senes.
1186 2735 1189 2741 '

201 2856 303 2917 parce
318 2857 437 2919 precor
452 2846 586 2900 tenero:
611 2855 677 2898 non
695 2834 742 2896 illi
758 2834 886 2897 sontica
901 2851 1002 2895 causa
1017 2839 1077 2906 est,

247 2941 305 3003 sed
321 2941 442 3003 nimius
458 2939 527 3003 luto
544 2959 682 3021 corpora
698 2937 797 3018 tingit
811 2956 913 3000 amor.

202 3043 256 3106 vel
272 3042 371 3107 miser
387 3043 517 3107 absenti
533 3052 677 3105 maestas
695 3061 793 3124 quam
811 3059 911 3123 saepe
927 3036 1091 3120 querellas

247 3147 370 3210 conicit
384 3157 419 3210 et
434 3145 578 3210 lacrimis
594 3145 705 3207 omnia
722 3145 821 3227 plena
837 3141 992 3206 madent!

203 3250 302 3332 ‘quid
318 3271 371 3314 me
388 3250 517 3333 spernis
529 3250 558 3312 ?'
575 3249 631 3312 ait.
683 3255 832 3331 ‘poterat
848 3245 998 3312 custodia
1013 3242 1120 3308 vinci:

231 3355 320 3436 ipse
335 3354 427 3418 dedit
442 3353 571 3436 cupidis
586 3352 703 3416 fallere
720 3371 818 3435 posse
834 3351 925 3414 deus

203 3466 284 3521 nota
299 3459 416 3522 Venus
432 3457 554 3521 furtiva
570 3456 651 3519 mihi
665 3466 725 3532 est,
742 3465 780 3520 ut
795 3456 879 3518 lenis
894 3464 1013 3536 agatur

248 3562 393 3643 spiritus,
411 3571 447 3624 ut
461 3580 524 3624 nec
540 3561 621 3624 dent
636 3559 750 3623 oscula
765 3567 861 3640 rapta
877 3577 1017 3620 sonum:

203 3672 239 3728 et
254 3684 391 3745 possum
409 3664 517 3727 media
533 3659 683 3746 quamvis
700 3662 861 3743 obrepere
876 3670 976 3724 nocte

636 3783 695 3848 127
