<?xml version="1.0" encoding="UTF-8"?>
<!DOCTYPE html PUBLIC "-//W3C//DTD XHTML 1.0 Transitional//EN"
    "http://www.w3.org/TR/xhtml1/DTD/xhtml1-transitional.dtd">
<html xmlns="http://www.w3.org/1999/xhtml" xml:lang="en" lang="en">
 <head>
  <title>
</title>
<meta http-equiv="Content-Type" content="text/html;charset=utf-8" />
  <meta name='ocr-system' content='tesseract 3.04.00' />
  <meta name='ocr-capabilities' content='ocr_page ocr_carea ocr_par ocr_line ocrx_word'/>
</head>
<body>
  <div class='ocr_page' id='page_1' title='image "./elegiesalbiusti00smitgoog_0155.png"; bbox 0 0 2908 4284; ppageno 0'>
   <div class='ocr_carea' id='block_1_1' title="bbox 243 273 879 347">
    <p class='ocr_par' dir='ltr' id='par_1_1' title="bbox 243 273 879 347">
     <span class='ocr_line' id='line_1_1' title="bbox 243 273 879 347; baseline 0.009 -19"><span class='ocrx_word' id='word_1_1' title='bbox 243 293 267 347; x_wconf 81' lang='lat'>3,</span> <span class='ocrx_word' id='word_1_2' title='bbox 280 291 302 337; x_wconf 88' lang='lat' dir='ltr'>r,</span> <span class='ocrx_word' id='word_1_3' title='bbox 315 273 360 340; x_wconf 83' lang='lat'>26]</span> <span class='ocrx_word' id='word_1_4' title='bbox 709 285 879 335; x_wconf 87' lang='lat' dir='ltr'>TIBVLLVS</span> 
     </span>
    </p>
   </div>
   <div class='ocr_carea' id='block_1_2' title="bbox 328 447 1147 739">
    <p class='ocr_par' dir='ltr' id='par_1_2' title="bbox 328 447 1147 739">
     <span class='ocr_line' id='line_1_2' title="bbox 371 447 1020 514; baseline 0.002 -2"><span class='ocrx_word' id='word_1_5' title='bbox 371 449 441 514; x_wconf 92' lang='lat' dir='ltr'>sive</span> <span class='ocrx_word' id='word_1_6' title='bbox 456 448 519 513; x_wconf 86' lang='lat' dir='ltr'><strong>sibi</strong></span> <span class='ocrx_word' id='word_1_7' title='bbox 534 447 678 513; x_wconf 87' lang='lat' dir='ltr'>coniunx</span> <span class='ocrx_word' id='word_1_8' title='bbox 694 447 763 512; x_wconf 90' lang='lat' dir='ltr'>sive</span> <span class='ocrx_word' id='word_1_9' title='bbox 780 450 892 512; x_wconf 85' lang='lat' dir='ltr'>futura</span> <span class='ocrx_word' id='word_1_10' title='bbox 908 470 1020 513; x_wconf 91' lang='lat' dir='ltr'>soror:</span> 
     </span>
     <span class='ocr_line' id='line_1_3' title="bbox 328 551 1147 635; baseline 0 -19"><span class='ocrx_word' id='word_1_11' title='bbox 328 554 387 616; x_wconf 87' lang='lat' dir='ltr'>sed</span> <span class='ocrx_word' id='word_1_12' title='bbox 403 553 513 635; x_wconf 91' lang='lat' dir='ltr'>potius</span> <span class='ocrx_word' id='word_1_13' title='bbox 529 553 690 616; x_wconf 88' lang='lat' dir='ltr'>coniunx:</span> <span class='ocrx_word' id='word_1_14' title='bbox 715 553 813 615; x_wconf 91' lang='lat' dir='ltr'>huius</span> <span class='ocrx_word' id='word_1_15' title='bbox 830 573 924 635; x_wconf 90' lang='lat' dir='ltr'>spem</span> <span class='ocrx_word' id='word_1_16' title='bbox 942 554 1084 616; x_wconf 88' lang='lat' dir='ltr'>nominis</span> <span class='ocrx_word' id='word_1_17' title='bbox 1099 551 1147 616; x_wconf 92' lang='lat' dir='ltr'>illi</span> 
     </span>
     <span class='ocr_line' id='line_1_4' title="bbox 371 656 1046 739; baseline -0.001 -19"><span class='ocrx_word' id='word_1_18' title='bbox 371 657 501 721; x_wconf 75' lang='lat' dir='ltr'>auferet</span> <span class='ocrx_word' id='word_1_19' title='bbox 516 657 679 721; x_wconf 88' lang='lat' dir='ltr'>exstincto</span> <span class='ocrx_word' id='word_1_20' title='bbox 695 656 819 739; x_wconf 90' lang='lat' dir='ltr'>pallida</span> <span class='ocrx_word' id='word_1_21' title='bbox 835 656 923 719; x_wconf 93' lang='lat' dir='ltr'>Ditis</span> <span class='ocrx_word' id='word_1_22' title='bbox 939 656 1046 739; x_wconf 61' lang='lat' dir='ltr'>aqua?</span> 
     </span>
    </p>
   </div>
   <div class='ocr_carea' id='block_1_3' title="bbox 771 924 797 987">
    <p class='ocr_par' dir='ltr' id='par_1_3' title="bbox 771 924 797 987">
     <span class='ocr_line' id='line_1_5' title="bbox 771 924 797 987; baseline 0 0"><span class='ocrx_word' id='word_1_23' title='bbox 771 924 797 987; x_wconf 87' lang='lat'>2</span> 
     </span>
    </p>
   </div>
   <div class='ocr_carea' id='block_1_4' title="bbox 326 1081 1237 3856">
    <p class='ocr_par' dir='ltr' id='par_1_4' title="bbox 327 1081 1133 1268">
     <span class='ocr_line' id='line_1_6' title="bbox 327 1081 1133 1165; baseline 0 -20"><span class='ocrx_word' id='word_1_24' title='bbox 327 1081 395 1164; x_wconf 86' lang='lat' dir='ltr'>Qui</span> <span class='ocrx_word' id='word_1_25' title='bbox 411 1084 537 1163; x_wconf 91' lang='lat' dir='ltr'>primus</span> <span class='ocrx_word' id='word_1_26' title='bbox 552 1103 662 1147; x_wconf 93' lang='lat' dir='ltr'>caram</span> <span class='ocrx_word' id='word_1_27' title='bbox 680 1083 792 1146; x_wconf 92' lang='lat' dir='ltr'>iuveni</span> <span class='ocrx_word' id='word_1_28' title='bbox 807 1102 987 1165; x_wconf 89' lang='lat' dir='ltr'>carumque</span> <span class='ocrx_word' id='word_1_29' title='bbox 1003 1082 1133 1164; x_wconf 90' lang='lat' dir='ltr'>puellae</span> 
     </span>
     <span class='ocr_line' id='line_1_7' title="bbox 370 1185 977 1268; baseline 0 -20"><span class='ocrx_word' id='word_1_30' title='bbox 370 1188 490 1268; x_wconf 91' lang='lat' dir='ltr'>eripuit</span> <span class='ocrx_word' id='word_1_31' title='bbox 506 1187 670 1263; x_wconf 88' lang='lat' dir='ltr'>iuvenem,</span> <span class='ocrx_word' id='word_1_32' title='bbox 688 1188 817 1250; x_wconf 80' lang='lat' dir='ltr'>ferreus</span> <span class='ocrx_word' id='word_1_33' title='bbox 834 1187 889 1251; x_wconf 90' lang='lat' dir='ltr'>ille</span> <span class='ocrx_word' id='word_1_34' title='bbox 904 1185 977 1250; x_wconf 76' lang='lat' dir='ltr'>fuit,</span> 
     </span>
    </p>

    <p class='ocr_par' dir='ltr' id='par_1_5' title="bbox 326 1289 1124 1476">
     <span class='ocr_line' id='line_1_8' title="bbox 326 1289 1124 1372; baseline 0 -21"><span class='ocrx_word' id='word_1_35' title='bbox 326 1289 430 1352; x_wconf 93' lang='lat' dir='ltr'>durus</span> <span class='ocrx_word' id='word_1_36' title='bbox 445 1301 478 1352; x_wconf 90' lang='lat' dir='ltr'>et</span> <span class='ocrx_word' id='word_1_37' title='bbox 493 1291 547 1353; x_wconf 88' lang='lat' dir='ltr'>ille</span> <span class='ocrx_word' id='word_1_38' title='bbox 564 1291 628 1353; x_wconf 85' lang='lat' dir='ltr'>fuit</span> <span class='ocrx_word' id='word_1_39' title='bbox 643 1291 700 1372; x_wconf 90' lang='lat' dir='ltr'>qui</span> <span class='ocrx_word' id='word_1_40' title='bbox 715 1300 845 1353; x_wconf 89' lang='lat' dir='ltr'>tantum</span> <span class='ocrx_word' id='word_1_41' title='bbox 862 1291 951 1353; x_wconf 79' lang='lat' dir='ltr'>ferre</span> <span class='ocrx_word' id='word_1_42' title='bbox 966 1290 1124 1365; x_wconf 90' lang='lat' dir='ltr'>dolorem,</span> 
     </span>
     <span class='ocr_line' id='line_1_9' title="bbox 370 1392 1023 1476; baseline 0.002 -22"><span class='ocrx_word' id='word_1_43' title='bbox 370 1392 481 1456; x_wconf 90' lang='lat' dir='ltr'>vivere</span> <span class='ocrx_word' id='word_1_44' title='bbox 496 1403 530 1457; x_wconf 91' lang='lat' dir='ltr'>et</span> <span class='ocrx_word' id='word_1_45' title='bbox 546 1404 662 1475; x_wconf 88' lang='lat' dir='ltr'>erepta</span> <span class='ocrx_word' id='word_1_46' title='bbox 677 1395 818 1475; x_wconf 87' lang='lat' dir='ltr'>coniuge</span> <span class='ocrx_word' id='word_1_47' title='bbox 835 1393 891 1476; x_wconf 94' lang='lat' dir='ltr'>qui</span> <span class='ocrx_word' id='word_1_48' title='bbox 907 1395 1023 1475; x_wconf 89' lang='lat' dir='ltr'>potuit.</span> 
     </span>
    </p>

    <p class='ocr_par' dir='ltr' id='par_1_6' title="bbox 328 1497 1237 1682">
     <span class='ocr_line' id='line_1_10' title="bbox 328 1497 1237 1579; baseline 0.001 -21"><span class='ocrx_word' id='word_1_49' title='bbox 328 1515 395 1558; x_wconf 89' lang='lat' dir='ltr'>non</span> <span class='ocrx_word' id='word_1_50' title='bbox 411 1517 474 1578; x_wconf 88' lang='lat' dir='ltr'>ego</span> <span class='ocrx_word' id='word_1_51' title='bbox 491 1497 604 1560; x_wconf 84' lang='lat' dir='ltr'>firmus</span> <span class='ocrx_word' id='word_1_52' title='bbox 620 1499 655 1559; x_wconf 91' lang='lat' dir='ltr'>in</span> <span class='ocrx_word' id='word_1_53' title='bbox 671 1497 743 1573; x_wconf 87' lang='lat' dir='ltr'>hoc,</span> <span class='ocrx_word' id='word_1_54' title='bbox 762 1518 830 1561; x_wconf 91' lang='lat' dir='ltr'>non</span> <span class='ocrx_word' id='word_1_55' title='bbox 847 1498 930 1560; x_wconf 89' lang='lat' dir='ltr'>haec</span> <span class='ocrx_word' id='word_1_56' title='bbox 947 1497 1106 1579; x_wconf 90' lang='lat' dir='ltr'>patientia</span> <span class='ocrx_word' id='word_1_57' title='bbox 1122 1505 1237 1559; x_wconf 91' lang='lat' dir='ltr'>nostro</span> 
     </span>
     <span class='ocr_line' id='line_1_11' title="bbox 370 1600 1031 1682; baseline 0 -20"><span class='ocrx_word' id='word_1_58' title='bbox 370 1601 521 1681; x_wconf 88' lang='lat' dir='ltr'>ingenio:</span> <span class='ocrx_word' id='word_1_59' title='bbox 546 1601 671 1682; x_wconf 85' lang='lat' dir='ltr'>frangit</span> <span class='ocrx_word' id='word_1_60' title='bbox 687 1601 788 1664; x_wconf 81' lang='lat' dir='ltr'>fortia</span> <span class='ocrx_word' id='word_1_61' title='bbox 803 1601 904 1664; x_wconf 90' lang='lat' dir='ltr'>corda</span> <span class='ocrx_word' id='word_1_62' title='bbox 919 1600 1031 1664; x_wconf 90' lang='lat' dir='ltr'>dolor:</span> 
     </span>
    </p>

    <p class='ocr_par' dir='ltr' id='par_1_7' title="bbox 327 1701 1162 1889">
     <span class='ocr_line' id='line_1_12' title="bbox 327 1701 1162 1786; baseline 0.001 -22"><span class='ocrx_word' id='word_1_63' title='bbox 327 1723 389 1766; x_wconf 92' lang='lat' dir='ltr'>nec</span> <span class='ocrx_word' id='word_1_64' title='bbox 405 1704 486 1766; x_wconf 93' lang='lat' dir='ltr'>mihi</span> <span class='ocrx_word' id='word_1_65' title='bbox 501 1724 580 1767; x_wconf 90' lang='lat' dir='ltr'>vera</span> <span class='ocrx_word' id='word_1_66' title='bbox 597 1703 686 1786; x_wconf 91' lang='lat' dir='ltr'>loqui</span> <span class='ocrx_word' id='word_1_67' title='bbox 703 1704 810 1785; x_wconf 93' lang='lat' dir='ltr'>pudor</span> <span class='ocrx_word' id='word_1_68' title='bbox 826 1714 877 1768; x_wconf 90' lang='lat' dir='ltr'>est</span> <span class='ocrx_word' id='word_1_69' title='bbox 892 1703 1047 1786; x_wconf 88' lang='lat' dir='ltr'>vitaeque</span> <span class='ocrx_word' id='word_1_70' title='bbox 1062 1701 1162 1766; x_wconf 84' lang='lat' dir='ltr'>fateri</span> 
     </span>
     <span class='ocr_line' id='line_1_13' title="bbox 370 1808 1059 1889; baseline 0 -20"><span class='ocrx_word' id='word_1_71' title='bbox 370 1816 420 1871; x_wconf 90' lang='lat' dir='ltr'>tot</span> <span class='ocrx_word' id='word_1_72' title='bbox 436 1808 522 1870; x_wconf 93' lang='lat' dir='ltr'>mala</span> <span class='ocrx_word' id='word_1_73' title='bbox 539 1827 718 1889; x_wconf 82' lang='lat' dir='ltr'>perpessae</span> <span class='ocrx_word' id='word_1_74' title='bbox 735 1808 845 1871; x_wconf 87' lang='lat' dir='ltr'>taedia</span> <span class='ocrx_word' id='word_1_75' title='bbox 860 1818 940 1871; x_wconf 90' lang='lat' dir='ltr'>nata</span> <span class='ocrx_word' id='word_1_76' title='bbox 956 1828 1059 1871; x_wconf 90' lang='lat' dir='ltr'>meae.</span> 
     </span>
    </p>

    <p class='ocr_par' dir='ltr' id='par_1_8' title="bbox 327 1911 1144 2097">
     <span class='ocr_line' id='line_1_14' title="bbox 327 1911 1144 1992; baseline -0.001 -19"><span class='ocrx_word' id='word_1_77' title='bbox 327 1930 407 1992; x_wconf 89' lang='lat' dir='ltr'>ergo</span> <span class='ocrx_word' id='word_1_78' title='bbox 423 1931 498 1974; x_wconf 90' lang='lat' dir='ltr'>curn</span> <span class='ocrx_word' id='word_1_79' title='bbox 514 1921 649 1974; x_wconf 88' lang='lat' dir='ltr'>tenuem</span> <span class='ocrx_word' id='word_1_80' title='bbox 666 1913 762 1988; x_wconf 76' lang='lat' dir='ltr'>fuero</span> <span class='ocrx_word' id='word_1_81' title='bbox 778 1921 925 1975; x_wconf 90' lang='lat' dir='ltr'>mutatus</span> <span class='ocrx_word' id='word_1_82' title='bbox 940 1913 975 1974; x_wconf 93' lang='lat' dir='ltr'>in</span> <span class='ocrx_word' id='word_1_83' title='bbox 992 1911 1144 1974; x_wconf 94' lang='lat' dir='ltr'>umbram</span> 
     </span>
     <span class='ocr_line' id='line_1_15' title="bbox 369 2015 1144 2097; baseline 0.004 -21"><span class='ocrx_word' id='word_1_84' title='bbox 369 2015 577 2097; x_wconf 88' lang='lat' dir='ltr'>candidaque</span> <span class='ocrx_word' id='word_1_85' title='bbox 592 2036 668 2079; x_wconf 92' lang='lat' dir='ltr'>ossa</span> <span class='ocrx_word' id='word_1_86' title='bbox 685 2036 785 2097; x_wconf 88' lang='lat' dir='ltr'>super</span> <span class='ocrx_word' id='word_1_87' title='bbox 801 2018 897 2097; x_wconf 88' lang='lat' dir='ltr'>nigra</span> <span class='ocrx_word' id='word_1_88' title='bbox 913 2016 1026 2079; x_wconf 78' lang='lat' dir='ltr'>favilla</span> <span class='ocrx_word' id='word_1_89' title='bbox 1042 2025 1144 2096; x_wconf 86' lang='lat' dir='ltr'>teget,</span> 
     </span>
    </p>

    <p class='ocr_par' dir='ltr' id='par_1_9' title="bbox 327 2120 1154 2305">
     <span class='ocr_line' id='line_1_16' title="bbox 327 2120 1133 2203; baseline 0 -23"><span class='ocrx_word' id='word_1_90' title='bbox 327 2127 405 2182; x_wconf 90' lang='lat' dir='ltr'>ante</span> <span class='ocrx_word' id='word_1_91' title='bbox 421 2139 531 2182; x_wconf 92' lang='lat' dir='ltr'>meum</span> <span class='ocrx_word' id='word_1_92' title='bbox 547 2121 660 2183; x_wconf 88' lang='lat' dir='ltr'>veniat</span> <span class='ocrx_word' id='word_1_93' title='bbox 676 2120 793 2202; x_wconf 88' lang='lat' dir='ltr'>longos</span> <span class='ocrx_word' id='word_1_94' title='bbox 809 2120 980 2203; x_wconf 90' lang='lat' dir='ltr'>incompta</span> <span class='ocrx_word' id='word_1_95' title='bbox 996 2120 1133 2202; x_wconf 87' lang='lat' dir='ltr'>capillos</span> 
     </span>
     <span class='ocr_line' id='line_1_17' title="bbox 371 2222 1154 2305; baseline -0.001 -19"><span class='ocrx_word' id='word_1_96' title='bbox 371 2232 405 2286; x_wconf 90' lang='lat' dir='ltr'>et</span> <span class='ocrx_word' id='word_1_97' title='bbox 420 2222 497 2286; x_wconf 88' lang='lat' dir='ltr'>fleat</span> <span class='ocrx_word' id='word_1_98' title='bbox 512 2234 589 2287; x_wconf 90' lang='lat' dir='ltr'>ante</span> <span class='ocrx_word' id='word_1_99' title='bbox 606 2245 716 2288; x_wconf 91' lang='lat' dir='ltr'>meum</span> <span class='ocrx_word' id='word_1_100' title='bbox 733 2235 861 2288; x_wconf 90' lang='lat' dir='ltr'>maesta</span> <span class='ocrx_word' id='word_1_101' title='bbox 878 2226 1011 2288; x_wconf 90' lang='lat' dir='ltr'>Neaera</span> <span class='ocrx_word' id='word_1_102' title='bbox 1026 2243 1154 2305; x_wconf 90' lang='lat' dir='ltr'>rogum.</span> 
     </span>
    </p>

    <p class='ocr_par' dir='ltr' id='par_1_10' title="bbox 328 2326 1098 2511">
     <span class='ocr_line' id='line_1_18' title="bbox 328 2326 1070 2392; baseline 0.001 -4"><span class='ocrx_word' id='word_1_103' title='bbox 328 2326 386 2389; x_wconf 91' lang='lat' dir='ltr'>sed</span> <span class='ocrx_word' id='word_1_104' title='bbox 400 2328 512 2389; x_wconf 88' lang='lat' dir='ltr'>veniat</span> <span class='ocrx_word' id='word_1_105' title='bbox 527 2347 623 2391; x_wconf 90' lang='lat' dir='ltr'>carae</span> <span class='ocrx_word' id='word_1_106' title='bbox 641 2329 754 2390; x_wconf 89' lang='lat' dir='ltr'>matris</span> <span class='ocrx_word' id='word_1_107' title='bbox 770 2328 926 2391; x_wconf 89' lang='lat' dir='ltr'>comitata</span> <span class='ocrx_word' id='word_1_108' title='bbox 941 2328 1070 2392; x_wconf 88' lang='lat' dir='ltr'>dolore:</span> 
     </span>
     <span class='ocr_line' id='line_1_19' title="bbox 371 2431 1098 2511; baseline 0.004 -20"><span class='ocrx_word' id='word_1_109' title='bbox 371 2440 518 2494; x_wconf 88' lang='lat' dir='ltr'>maereat</span> <span class='ocrx_word' id='word_1_110' title='bbox 533 2431 615 2494; x_wconf 92' lang='lat' dir='ltr'>haec</span> <span class='ocrx_word' id='word_1_111' title='bbox 632 2451 765 2511; x_wconf 87' lang='lat' dir='ltr'>genero,</span> <span class='ocrx_word' id='word_1_112' title='bbox 785 2441 932 2494; x_wconf 88' lang='lat' dir='ltr'>maereat</span> <span class='ocrx_word' id='word_1_113' title='bbox 947 2431 1004 2493; x_wconf 90' lang='lat' dir='ltr'>illa</span> <span class='ocrx_word' id='word_1_114' title='bbox 1018 2431 1098 2494; x_wconf 92' lang='lat' dir='ltr'>vir0.</span> 
     </span>
    </p>

    <p class='ocr_par' dir='ltr' id='par_1_11' title="bbox 328 2535 1234 2723">
     <span class='ocr_line' id='line_1_20' title="bbox 328 2535 1234 2619; baseline 0.002 -23"><span class='ocrx_word' id='word_1_115' title='bbox 328 2535 500 2616; x_wconf 83' lang='lat' dir='ltr'>praefatae</span> <span class='ocrx_word' id='word_1_116' title='bbox 516 2549 593 2600; x_wconf 89' lang='lat' dir='ltr'>ante</span> <span class='ocrx_word' id='word_1_117' title='bbox 609 2557 701 2600; x_wconf 92' lang='lat' dir='ltr'>meos</span> <span class='ocrx_word' id='word_1_118' title='bbox 718 2558 833 2601; x_wconf 88' lang='lat' dir='ltr'>manes</span> <span class='ocrx_word' id='word_1_119' title='bbox 849 2538 1063 2619; x_wconf 89' lang='lat' dir='ltr'>animamque</span> <span class='ocrx_word' id='word_1_120' title='bbox 1076 2544 1234 2618; x_wconf 89' lang='lat' dir='ltr'>precatae</span> 
     </span>
     <span class='ocr_line' id='line_1_21' title="bbox 373 2639 1067 2723; baseline 0.001 -21"><span class='ocrx_word' id='word_1_121' title='bbox 373 2639 595 2722; x_wconf 87' lang='lat' dir='ltr'>perfusaeque</span> <span class='ocrx_word' id='word_1_122' title='bbox 612 2642 684 2721; x_wconf 93' lang='lat' dir='ltr'>pias</span> <span class='ocrx_word' id='word_1_123' title='bbox 701 2651 778 2704; x_wconf 88' lang='lat' dir='ltr'>ante</span> <span class='ocrx_word' id='word_1_124' title='bbox 796 2641 921 2723; x_wconf 90' lang='lat' dir='ltr'>liquore</span> <span class='ocrx_word' id='word_1_125' title='bbox 939 2661 1067 2713; x_wconf 87' lang='lat' dir='ltr'>manus,</span> 
     </span>
    </p>

    <p class='ocr_par' dir='ltr' id='par_1_12' title="bbox 329 2744 1128 2928">
     <span class='ocr_line' id='line_1_22' title="bbox 329 2744 1128 2825; baseline 0.003 -21"><span class='ocrx_word' id='word_1_126' title='bbox 329 2761 407 2822; x_wconf 94' lang='lat' dir='ltr'>pars</span> <span class='ocrx_word' id='word_1_127' title='bbox 422 2763 507 2824; x_wconf 93' lang='lat' dir='ltr'>quae</span> <span class='ocrx_word' id='word_1_128' title='bbox 524 2745 594 2807; x_wconf 92' lang='lat' dir='ltr'>sola</span> <span class='ocrx_word' id='word_1_129' title='bbox 611 2744 675 2807; x_wconf 88' lang='lat' dir='ltr'>mei</span> <span class='ocrx_word' id='word_1_130' title='bbox 692 2744 862 2825; x_wconf 90' lang='lat' dir='ltr'>superabit</span> <span class='ocrx_word' id='word_1_131' title='bbox 878 2744 1034 2824; x_wconf 90' lang='lat' dir='ltr'>corporis,</span> <span class='ocrx_word' id='word_1_132' title='bbox 1052 2763 1128 2807; x_wconf 92' lang='lat' dir='ltr'>ossa</span> 
     </span>
     <span class='ocr_line' id='line_1_23' title="bbox 372 2845 1048 2928; baseline 0.006 -22"><span class='ocrx_word' id='word_1_133' title='bbox 372 2845 535 2910; x_wconf 89' lang='lat' dir='ltr'>incinctae</span> <span class='ocrx_word' id='word_1_134' title='bbox 551 2847 645 2928; x_wconf 89' lang='lat' dir='ltr'>nigra</span> <span class='ocrx_word' id='word_1_135' title='bbox 660 2847 803 2910; x_wconf 91' lang='lat' dir='ltr'>candida</span> <span class='ocrx_word' id='word_1_136' title='bbox 817 2858 911 2911; x_wconf 91' lang='lat' dir='ltr'>veste</span> <span class='ocrx_word' id='word_1_137' title='bbox 927 2848 1048 2928; x_wconf 88' lang='lat' dir='ltr'>legent,</span> 
     </span>
    </p>

    <p class='ocr_par' dir='ltr' id='par_1_13' title="bbox 329 2951 1135 3136">
     <span class='ocr_line' id='line_1_24' title="bbox 329 2951 1135 3035; baseline 0.004 -25"><span class='ocrx_word' id='word_1_138' title='bbox 329 2958 363 3011; x_wconf 91' lang='lat' dir='ltr'>et</span> <span class='ocrx_word' id='word_1_139' title='bbox 378 2951 520 3029; x_wconf 92' lang='lat' dir='ltr'>primum</span> <span class='ocrx_word' id='word_1_140' title='bbox 537 2971 664 3014; x_wconf 90' lang='lat' dir='ltr'>annoso</span> <span class='ocrx_word' id='word_1_141' title='bbox 680 2960 840 3032; x_wconf 86' lang='lat' dir='ltr'>spargent</span> <span class='ocrx_word' id='word_1_142' title='bbox 856 2952 994 3014; x_wconf 88' lang='lat' dir='ltr'>collecta</span> <span class='ocrx_word' id='word_1_143' title='bbox 1012 2952 1135 3035; x_wconf 86' lang='lat' dir='ltr'>Lyaeo,</span> 
     </span>
     <span class='ocr_line' id='line_1_25' title="bbox 372 3053 1079 3136; baseline 0.004 -22"><span class='ocrx_word' id='word_1_144' title='bbox 372 3072 447 3115; x_wconf 87' lang='lat' dir='ltr'>mox</span> <span class='ocrx_word' id='word_1_145' title='bbox 462 3055 562 3116; x_wconf 87' lang='lat' dir='ltr'>etiam</span> <span class='ocrx_word' id='word_1_146' title='bbox 579 3053 676 3116; x_wconf 88' lang='lat' dir='ltr'>niveo</span> <span class='ocrx_word' id='word_1_147' title='bbox 692 3055 834 3118; x_wconf 76' lang='lat' dir='ltr'>fundere</span> <span class='ocrx_word' id='word_1_148' title='bbox 851 3055 934 3117; x_wconf 89' lang='lat' dir='ltr'>lacte</span> <span class='ocrx_word' id='word_1_149' title='bbox 952 3064 1079 3136; x_wconf 89' lang='lat' dir='ltr'>parent,</span> 
     </span>
    </p>

    <p class='ocr_par' dir='ltr' id='par_1_14' title="bbox 330 3156 1088 3342">
     <span class='ocr_line' id='line_1_26' title="bbox 330 3156 1080 3235; baseline 0.001 -17"><span class='ocrx_word' id='word_1_150' title='bbox 330 3156 504 3235; x_wconf 92' lang='lat' dir='ltr'>posthaec</span> <span class='ocrx_word' id='word_1_151' title='bbox 520 3156 686 3221; x_wconf 90' lang='lat' dir='ltr'>carbaseis</span> <span class='ocrx_word' id='word_1_152' title='bbox 703 3177 851 3221; x_wconf 90' lang='lat' dir='ltr'>umorem</span> <span class='ocrx_word' id='word_1_153' title='bbox 868 3158 984 3220; x_wconf 88' lang='lat' dir='ltr'>tollere</span> <span class='ocrx_word' id='word_1_154' title='bbox 999 3157 1080 3221; x_wconf 90' lang='lat' dir='ltr'>velis</span> 
     </span>
     <span class='ocr_line' id='line_1_27' title="bbox 372 3261 1088 3342; baseline 0.001 -21"><span class='ocrx_word' id='word_1_155' title='bbox 372 3268 471 3342; x_wconf 89' lang='lat' dir='ltr'>atque</span> <span class='ocrx_word' id='word_1_156' title='bbox 486 3261 521 3322; x_wconf 92' lang='lat' dir='ltr'>in</span> <span class='ocrx_word' id='word_1_157' title='bbox 537 3281 721 3323; x_wconf 92' lang='lat' dir='ltr'>marmorea</span> <span class='ocrx_word' id='word_1_158' title='bbox 737 3281 861 3342; x_wconf 89' lang='lat' dir='ltr'>ponere</span> <span class='ocrx_word' id='word_1_159' title='bbox 878 3263 964 3324; x_wconf 90' lang='lat' dir='ltr'>sicca</span> <span class='ocrx_word' id='word_1_160' title='bbox 980 3261 1088 3324; x_wconf 91' lang='lat' dir='ltr'>domo.</span> 
     </span>
    </p>

    <p class='ocr_par' dir='ltr' id='par_1_15' title="bbox 330 3360 1046 3551">
     <span class='ocr_line' id='line_1_28' title="bbox 330 3360 1046 3444; baseline 0.004 -21"><span class='ocrx_word' id='word_1_161' title='bbox 330 3360 396 3424; x_wconf 94' lang='lat' dir='ltr'>illic</span> <span class='ocrx_word' id='word_1_162' title='bbox 412 3383 495 3444; x_wconf 92' lang='lat' dir='ltr'>quas</span> <span class='ocrx_word' id='word_1_163' title='bbox 511 3363 611 3427; x_wconf 91' lang='lat' dir='ltr'>mittit</span> <span class='ocrx_word' id='word_1_164' title='bbox 626 3363 718 3427; x_wconf 91' lang='lat' dir='ltr'>dives</span> <span class='ocrx_word' id='word_1_165' title='bbox 735 3364 902 3427; x_wconf 89' lang='lat' dir='ltr'>Panchaia</span> <span class='ocrx_word' id='word_1_166' title='bbox 920 3384 1046 3428; x_wconf 88' lang='lat' dir='ltr'>merces</span> 
     </span>
     <span class='ocr_line' id='line_1_29' title="bbox 376 3466 1032 3551; baseline 0.003 -23"><span class='ocrx_word' id='word_1_167' title='bbox 376 3466 504 3548; x_wconf 89' lang='lat' dir='ltr'>Eoique</span> <span class='ocrx_word' id='word_1_168' title='bbox 520 3467 662 3543; x_wconf 86' lang='lat' dir='ltr'>Arabes,</span> <span class='ocrx_word' id='word_1_169' title='bbox 681 3467 815 3548; x_wconf 83' lang='lat' dir='ltr'>pinguis</span> <span class='ocrx_word' id='word_1_170' title='bbox 832 3477 866 3531; x_wconf 90' lang='lat' dir='ltr'>et</span> <span class='ocrx_word' id='word_1_171' title='bbox 881 3468 1032 3551; x_wconf 88' lang='lat' dir='ltr'>Assyria,</span> 
     </span>
    </p>

    <p class='ocr_par' dir='ltr' id='par_1_16' title="bbox 330 3570 1185 3756">
     <span class='ocr_line' id='line_1_30' title="bbox 330 3570 1185 3649; baseline 0.004 -17"><span class='ocrx_word' id='word_1_172' title='bbox 330 3578 363 3632; x_wconf 89' lang='lat' dir='ltr'>et</span> <span class='ocrx_word' id='word_1_173' title='bbox 378 3571 483 3634; x_wconf 89' lang='lat' dir='ltr'>nostri</span> <span class='ocrx_word' id='word_1_174' title='bbox 498 3590 661 3649; x_wconf 87' lang='lat' dir='ltr'>memores</span> <span class='ocrx_word' id='word_1_175' title='bbox 678 3571 832 3633; x_wconf 89' lang='lat' dir='ltr'>lacrimae</span> <span class='ocrx_word' id='word_1_176' title='bbox 849 3571 1034 3633; x_wconf 85' lang='lat' dir='ltr'>fundantur</span> <span class='ocrx_word' id='word_1_177' title='bbox 1048 3570 1185 3635; x_wconf 87' lang='lat' dir='ltr'>eodem:</span> 
     </span>
     <span class='ocr_line' id='line_1_31' title="bbox 374 3672 1067 3756; baseline -0.001 -21"><span class='ocrx_word' id='word_1_178' title='bbox 374 3672 421 3736; x_wconf 89' lang='lat' dir='ltr'>sic</span> <span class='ocrx_word' id='word_1_179' title='bbox 438 3693 500 3756; x_wconf 88' lang='lat' dir='ltr'>ego</span> <span class='ocrx_word' id='word_1_180' title='bbox 517 3674 672 3755; x_wconf 89' lang='lat' dir='ltr'>componi</span> <span class='ocrx_word' id='word_1_181' title='bbox 687 3694 803 3737; x_wconf 91' lang='lat' dir='ltr'>versus</span> <span class='ocrx_word' id='word_1_182' title='bbox 819 3675 853 3736; x_wconf 89' lang='lat' dir='ltr'>in</span> <span class='ocrx_word' id='word_1_183' title='bbox 869 3694 945 3737; x_wconf 91' lang='lat' dir='ltr'>ossa</span> <span class='ocrx_word' id='word_1_184' title='bbox 959 3676 1067 3738; x_wconf 87' lang='lat' dir='ltr'>velim.</span> 
     </span>
    </p>

    <p class='ocr_par' dir='ltr' id='par_1_17' title="bbox 765 3791 825 3856">
     <span class='ocr_line' id='line_1_32' title="bbox 765 3791 825 3856; baseline 0.033 -18"><span class='ocrx_word' id='word_1_185' title='bbox 765 3791 825 3856; x_wconf 86' lang='lat'>150</span> 
     </span>
    </p>
   </div>
   <div class='ocr_carea' id='block_1_5' title="bbox 0 0 1466 4276">
    <p class='ocr_par' dir='ltr' id='par_1_18' title="bbox 0 0 1466 4276">
     <span class='ocr_line' id='line_1_33' title="bbox 0 0 1466 4276; baseline 0 0"><span class='ocrx_word' id='word_1_186' title='bbox 0 0 1466 4276; x_wconf 95' lang='lat' dir='ltr'> </span> 
     </span>
    </p>
   </div>
  </div>
 </body>
</html>
