2908 4284
312 872 399 952 De
441 871 695 953 Treviri
731 813 885 953 'vnn
923 871 1004 952 Er
1042 871 1226 952 rossi

402 1003 814 1086 TESTIMONIA
854 1002 1141 1110 Annona

569 1200 764 1275 Honrrrvs,
792 1198 852 1262 Oa.
883 1217 907 1275 1,
933 1215 971 1278 33

261 1330 286 1413 (‘
295 1333 340 1396 ad
351 1332 519 1397 Tibullum
531 1334 538 1359 '
551 1335 605 1397 vel
623 1333 684 1396 ‘ad
696 1333 834 1396 Albium
851 1333 1019 1395 Tibullum
1032 1333 1039 1357 ’
1053 1332 1150 1394 inser.
1166 1330 1324 1394 ‘Albium

219 1434 389 1499 Tibullum
405 1437 593 1518 adloquitur
609 1436 792 1518 elegiorum
810 1437 960 1518 poetam’
979 1433 1181 1519 Porphyrio)

306 1539 396 1616 Albi,
414 1561 456 1603 ne
472 1541 586 1604 doleas
602 1542 677 1622 plus
693 1541 795 1604 nimio
812 1560 937 1603 memor

306 1643 441 1707 immitis
458 1643 631 1730 Glycerae,
648 1644 933 1708 neumiserabiles

307 1747 465 1812 decantes
482 1749 604 1829 elegos,
622 1769 681 1812 cur
696 1748 756 1814 tibi
771 1747 880 1812 iunior

350 1851 441 1914 laesa
457 1853 642 1934 praeniteat
658 1852 732 1916 fide.

669 2053 782 2116 Errsr.
806 2071 830 2130 1,
847 2071 869 2134 4

260 2188 340 2272 (⁴ad
356 2189 493 2253 Albium
514 2188 699 2253 Tibullum'
720 2192 774 2254 vel
795 2191 856 2254 ‘ad
874 2190 1013 2255 Albium
1032 2164 1203 2272 elegorum
1223 2188 1327 2272 scrip·

217 2303 324 2357 torem
336 2294 342 2318 '
358 2293 475 2376 inser.)

306 2398 396 2473 Albi,
413 2407 602 2482 nostrorum
619 2418 809 2462 sermonum
826 2398 968 2462 candide
983 2399 1091 2474 iudex,

306 2500 385 2584 quid
401 2520 490 2564 nunc
505 2511 538 2564 te
554 2501 663 2564 dicam
680 2503 792 2566 lacere
807 2503 840 2564 in
858 2504 995 2584 regione
1012 2501 1167 2565 Pedana?

256 2639 259 2643 ·
306 2604 450 2668 scribere
466 2606 555 2687 quod
573 2605 668 2669 Cassi
685 2605 875 2669 Parmensis
891 2606 1052 2686 opuscula
1068 2605 1188 2680 vincat,

306 2727 349 2769 an
365 2708 502 2771 tacitum
519 2708 619 2771 silvas
636 2710 723 2771 inter
738 2719 871 2791 reptare
888 2709 1047 2785 salubres,

304 2820 475 2874 curantem
492 2811 650 2894 quidquid
667 2811 806 2893 dignum
823 2813 973 2896 sapiente
988 2813 1143 2895 bonoque
1158 2811 1233 2875 est?

307 2933 373 2977 non
390 2924 426 2977 tu
442 2935 564 2997 corpus
580 2935 653 2979 eras
670 2917 741 2980 sine
756 2925 910 2997 pectore:
934 2917 968 2978 di
983 2916 1043 2979 tibi
1058 2917 1211 2994 formam,

306 3017 339 3081 di
354 3017 414 3080 tibi
430 3018 561 3082 divitias
577 3018 741 3082 dederunt
756 3030 928 3102 artemque
944 3020 1086 3082 fruendi.

306 3121 385 3202 quid
400 3131 520 3186 voveat
536 3122 624 3185 dulci
641 3122 805 3186 nutricula
818 3108 927 3186 'maius
943 3124 1087 3199 alumne,

306 3225 363 3305 qui
378 3244 495 3306 sapere
512 3235 545 3289 et
560 3225 624 3289 lari
640 3226 746 3308 possit
761 3247 847 3309 quae
863 3229 991 3303 sentiat,
1009 3238 1043 3290 et
1058 3227 1110 3290 cui

304 3327 411 3408 gratia
426 3329 518 3391 fama
533 3330 687 3392 valetudo
704 3331 876 3412 contingat
892 3330 1032 3407 abunde,

305 3440 339 3492 et
355 3431 498 3494 mundus
514 3432 620 3496 victus
636 3453 703 3495 non
720 3433 894 3498 deficiente
911 3434 1091 3498 crumena?

305 3535 392 3597 inter
408 3555 501 3616 spem
518 3556 707 3618 curamque,
724 3538 860 3601 timores
873 3538 958 3601 inter
974 3549 1007 3602 et
1023 3541 1089 3602 iras

306 3657 439 3702 omnem
455 3640 553 3702 crede
569 3640 656 3702 diem
674 3639 733 3703 tibi
749 3641 906 3706 diluxisse
923 3662 1135 3725 supremum:

738 3758 797 3825 ¹74
