2908 4284
549 296 655 346 LIBER
678 289 809 346 PRIMVS

261 461 280 498 1
427 461 445 496 1
586 461 605 499 Ι
751 464 769 496 ff
915 462 933 497 Ι
1081 463 1099 497 Ι

214 547 358 610 rusticus
374 567 393 610 e
409 548 550 630 lucoque
565 547 665 624 vehit,
683 548 769 610 male
785 548 915 611 sobrius
931 550 1012 630 ipse,

261 669 395 713 uxorem
411 651 560 732 plaustro
576 652 839 733 progeniemque
855 652 1000 714 domum.

217 754 276 816 sed
291 753 433 817 Veneris
449 763 530 817 tunc
546 753 633 817 bella
646 755 765 830 calent,
785 756 973 838 scissosque
990 755 1129 837 capillos

259 857 385 920 femina
400 858 586 939 perfractas
602 859 881 940 conqueriturque
898 860 1004 924 fores:

218 959 277 1024 flet
291 970 423 1025 teneras
440 960 577 1024 subtusa
594 981 715 1043 genas:
740 963 800 1025 sed
816 962 922 1026 victor
937 973 971 1027 et
987 965 1059 1046 ipse

258 1062 316 1127 flet
332 1064 394 1127 sibi
409 1065 582 1128 dementes
598 1075 665 1128 tam
681 1065 826 1130 valuisse
845 1086 971 1130 manus

214 1177 249 1231 at
265 1168 407 1232 lascivus
424 1169 531 1232 Amor
545 1168 634 1232 rixae
650 1170 739 1231 mala
755 1170 857 1234 verba
873 1171 1046 1249 ministrat,

258 1273 394 1336 inter'et
409 1273 529 1335 iratum
546 1273 656 1336 lentus
675 1282 851 1357 utrumque
868 1275 971 1339 sedet.

215 1397 243 1452 a,
262 1376 346 1459 lapis
362 1387 414 1440 est
428 1378 621 1461 ferrumque
639 1398 733 1441 suam
751 1378 950 1461 quicumque
967 1378 1113 1459 puellam

256 1480 429 1544 verberat:
455 1502 474 1545 e
491 1482 583 1544 caelo
600 1482 720 1563 deripit
737 1482 792 1546 ille
809 1482 899 1545 deos.

215 1583 257 1646 sit
273 1584 353 1647 satis
369 1604 388 1648 c
404 1585 560 1648 membris
576 1594 710 1648 tenuem
728 1585 917 1648 rescindere
932 1594 1070 1661 vestem,

259 1689 302 1751 sit
317 1687 397 1751 satis
413 1697 549 1751 ornatus
565 1671 756 1752 dissoluisse
773 1708 898 1764 comae,

215 1789 258 1854 sit
273 1790 425 1854 lacrimas
442 1793 585 1855 movisse
602 1791 697 1854 satis:
720 1802 838 1873 quater
853 1792 908 1855 ille
925 1792 1044 1855 beatus

259 1914 325 1976 quo
340 1905 456 1958 tenera
471 1895 555 1958 irato
572 1894 651 1958 flere
668 1895 779 1975 puella
796 1904 915 1976 potest.

213 1996 273 2060 scd
289 1996 442 2060 manibus
458 1997 515 2080 qui
532 2018 652 2061 saevus
668 1999 740 2072 erit,
757 2007 955 2081 scutumque
972 1999 1157 2082 sudemque

258 2102 287 2164 is
303 2111 398 2182 gerat
412 2111 446 2164 et
462 2101 532 2163 miti
548 2101 590 2164 sit
606 2100 723 2183 procul
739 2121 759 2162 a
774 2101 917 2165 Venere.

214 2211 250 2266 at
265 2203 371 2279 nobis,
389 2204 456 2267 Pax
472 2205 569 2278 alma,
581 2204 660 2268 veni
675 2203 869 2286 spicamque
885 2214 1008 2281 teneto,
1059 2237 1066 2249 ·

259 2306 402 2390 perfluat
416 2316 451 2371 et
466 2308 574 2391 pomis
589 2307 752 2371 candidus
771 2317 849 2370 ante
865 2308 968 2385 sinus,
