2908 4284
540 289 645 337 maan
669 263 829 350 Qvnnrvs
1113 282 1186 348 [4,4‚
1201 295 1231 332 12

263 451 475 515 claudentem
491 461 624 516 teneras
641 452 772 515 laedere
789 452 875 515 velle
892 452 1033 516 manus?

218 555 340 638 quidve
357 555 449 618 iuvat
463 556 578 618 furtim
596 555 739 619 latebras
755 555 878 619 intrare
895 557 1041 619 ferarum

261 658 471 740 candidaque
487 659 630 722 hamatis
646 678 743 721 crura
759 669 875 722 notare
891 659 1006 722 rubis?

219 763 278 825 sed
294 772 417 838 tamen,
435 771 471 824 ut
486 772 597 825 tecum
613 761 719 838 liceat,
737 763 905 838 Cerinthe‚
922 763 1046 844 vagari,

262 865 335 948 ipsa
350 882 414 949 ego
431 887 491 950 per
507 875 638 928 montes
653 866 736 929 retia
752 875 838 928 torta
854 866 969 943 feram,

217 969 292 1051 ipsa
307 990 371 1052 ego
386 971 510 1035 velocis
527 989 685 1052 quaeram
702 969 844 1052 vestigia
859 971 949 1034 cervi

262 1082 296 1136 et
310 1074 442 1138 demam
459 1074 558 1138 celeri
575 1075 685 1137 ferrea
700 1073 809 1137 vinela
825 1074 908 1138 cani.

217 1185 297 1239 ωηο
313 1178 404 1254 mihi,
421 1187 501 1241 tunc
516 1179 670 1260 placeant
686 1177 797 1254 silvae,
815 1181 851 1254 si,
870 1180 924 1241 lux
940 1199 1024 1255 mea,
1041 1188 1151 1243 tecum

261 1300 383 1361 arguar
398 1291 476 1346 ante
492 1281 581 1364 ipsas
597 1282 817 1346 concubuisse
833 1282 967 1364 plagas:

217 1392 298 1446 ωηο
313 1386 426 1448 veniat
441 1385 517 1448 licet
533 1387 574 1449 ad
591 1406 713 1462 casses,
729 1385 875 1449 inlaesus
891 1386 1002 1462 abibit,

261 1506 304 1549 ne
319 1487 460 1552 Veneris
477 1489 619 1571 cupidae
635 1489 758 1572 gaudia
773 1488 893 1565 turbet,
910 1509 1001 1570 aper.

217 1609 306 1654 nunc
322 1590 394 1654 sine
412 1612 463 1655 me
480 1592 521 1655 sit
538 1590 632 1656 nulla
646 1594 774 1667 Venus,
793 1593 850 1655 sed
868 1594 942 1673 lege
960 1592 1098 1670 Dianae,

260 1703 351 1757 caste
368 1715 459 1777 puer,
477 1705 569 1758 casta
585 1695 669 1759 retia
683 1704 785 1776 tange
800 1713 919 1759 manu:

216 1806 250 1860 et
266 1817 494 1881 quaecumque
511 1819 585 1862 meo
600 1798 715 1862 furtim
733 1798 882 1882 subrepit
897 1797 1010 1874 amori,

260 1899 386 1963 incidat
401 1902 436 1963 in
453 1922 569 1966 saevas
585 1902 773 1985 diripienda
789 1903 887 1965 ieras.

217 2011 252 2066 at
268 2013 304 2066 tu
319 2005 464 2068 venandi
480 2005 624 2068 studium
642 2006 789 2069 concede
806 2004 944 2087 parenti,

260 2114 296 2169 et
310 2108 397 2171 celer
411 2109 447 2170 in
463 2116 594 2172 nostros
610 2109 682 2191 ipse
697 2128 829 2172 recurre
845 2109 945 2172 sinus.

664 2370 697 2460 4

220 2532 298 2595 Huc
315 2533 394 2596 ades
410 2543 444 2598 et
459 2543 594 2598 tenerae
610 2533 744 2597 morbos
760 2533 889 2616 expelle
906 2534 1045 2615 puellae,

261 2636 326 2697 huc
339 2637 431 2712 ades,
448 2637 581 2700 intonsa
597 2620 731 2700 Phoebe
747 2637 890 2719 superbe
906 2656 1010 2700 corna.

216 2738 316 2801 crede
331 2739 421 2815 mihi,
439 2759 603 2822 propera:
628 2760 690 2803 nee
706 2749 740 2803 te
756 2740 830 2816 iam,
851 2739 993 2816 Phoebe,
1012 2739 1138 2822 pigebit

260 2841 427 2906 formosae
444 2843 590 2906 medicas
607 2843 808 2925 applicuisse
824 2863 953 2907 manus.

216 2943 311 3008 effice
328 2965 370 3008 ne
387 2946 509 3009 macies
527 2947 689 3028 pallentes
706 2957 848 3029 occupet
863 2955 964 3023 artus,

261 3066 325 3110 neu
342 3059 434 3112 notet
450 3048 602 3113 informis
619 3049 743 3133 pallida
758 3050 907 3112 membra
922 3051 1020 3127 color,

215 3159 250 3213 et
265 3153 496 3235 quodcumque
513 3154 592 3216 mali
608 3163 660 3218 est
675 3164 708 3217 et
723 3153 884 3237 quidquid
899 3155 992 3216 triste
1008 3153 1172 3230 timemus,

260 3255 295 3316 in
310 3256 450 3338 pelagus
466 3259 590 3340 rapidis
608 3259 730 3323 evehat
745 3257 853 3320 amnis
870 3255 973 3339 aquis.

215 3368 340 3435 sancte,
356 3363 442 3436 veni,
460 3373 636 3443 tecumque
651 3364 742 3425 feras
759 3363 959 3444 quicumque
974 3380 1120 3441 sapores,

259 3463 459 3546 quicumque
475 3475 507 3528 et
523 3476 641 3529 cantus
658 3485 797 3547 corpora
813 3466 905 3528 fessa
922 3465 1052 3526 levant:

215 3585 282 3628 neu
297 3567 450 3630 iuvenem
467 3578 584 3650 torque
600 3571 716 3633 metuit
733 3569 789 3650 qui
805 3569 875 3631 fata
892 3567 1022 3650 puellae

259 3679 404 3755 votaque
420 3691 480 3752 pro
496 3672 630 3735 domina
644 3674 699 3736 vix
715 3672 921 3735 numeranda
937 3671 1027 3737 facit.

545 3823 548 3829 -
650 3781 709 3870 167
