2908 4284
252 293 276 340 4,
291 290 328 342 ¹3,
343 276 387 344 11]
455 275 457 280 '
724 284 894 334 rusvuuvs

341 459 378 513 tu
394 449 475 512 mihi
490 470 643 514 curarum
660 451 800 532 requies,
817 460 853 514 tu
871 461 968 515 nocte
983 453 1037 514 vel
1053 462 1125 515 atra
1208 483 1209 487 ¹

386 554 507 629 lumen,
524 553 605 617 etin
622 553 700 618 solis
715 563 752 616 tu
769 552 849 616 mihi
865 554 963 617 turba
978 554 1068 619 locis.

341 677 429 720 nunc
445 656 523 720 licet
537 677 556 721 e
572 657 664 720 caelo
682 658 831 720 mittatur
846 659 953 720 amica
968 658 1111 734 Tibullo,

384 760 532 824 mittetur
547 761 671 824 frustra
686 760 882 842 deficietque
899 762 1026 839 Venus.

341 865 403 927 hoc
419 865 479 928 tibi
495 875 611 927 sancta
626 873 703 928 tuae
721 864 859 927 Iunonis
875 864 1013 928 numina
1027 864 1109 941 iuro,

384 987 470 1051 quae
486 968 555 1031 sola
570 977 648 1030 ante
664 968 746 1030 alios
762 975 815 1032 est
829 969 910 1030 mihi
926 988 1049 1050 magna
1060 969 1154 1033 deos.

340 1071 419 1154 quid
436 1069 523 1135 facio
539 1071 700 1134 demens?
725 1071 789 1135 heu
807 1071 872 1135 heu
890 1092 963 1135 mea
980 1073 1121 1155 pignora
1136 1073 1228 1137 cedo.
1293 1065 1298 1080 '

383 1173 489 1238 iuravi
503 1174 621 1239 stulte:
646 1175 803 1256 proderat
817 1173 879 1238 iste
894 1175 1001 1238 timor.

340 1298 429 1342 nunc
445 1287 481 1341 tu
497 1277 594 1342 fortis
609 1277 684 1354 eris,
700 1298 789 1342 nunc
804 1288 840 1341 tu
858 1298 910 1341 me
926 1279 1085 1343 audacius
1100 1299 1194 1344 ures:

383 1383 446 1445 hoc
463 1383 592 1465 peperit
607 1383 728 1446 misero
744 1383 877 1464 garrula
894 1381 1008 1464 lingua
1024 1383 1156 1447 malum.

340 1486 405 1549 iam
422 1485 543 1550 faciam
560 1486 793 1568 quodcumque
810 1485 910 1560 voles,
928 1495 1005 1549 tuus
1021 1506 1127 1569 usque
1143 1486 1292 1562 manebo,

384 1608 446 1652 nee
462 1589 589 1671 fugiam
607 1599 705 1652 notae
721 1589 890 1652 servitium
908 1589 1073 1666 dominae,

341 1692 400 1756 sed
416 1693 558 1756 Veneris
574 1702 711 1756 sanctae
727 1691 896 1756 considam
913 1692 1045 1755 vinctus
1061 1693 1104 1756 ad
1119 1712 1213 1756 aras:

384 1797 468 1859 haec
484 1805 577 1859 notat
593 1795 732 1859 iniustos
748 1795 1021 1878 supplicibusque
1037 1796 1140 1861 favet.

778 2021 836 2113 Ι4

343 2187 470 2252 Rumor
485 2188 531 2251 ait
547 2187 663 2251 crebro
679 2197 828 2251 nostram
844 2206 984 2270 peccare
1000 2187 1166 2270 puellam:

384 2311 473 2354 nunc
489 2310 553 2373 ego
568 2310 622 2355 me
638 2291 747 2354 surdis
763 2291 898 2354 auribus
914 2311 988 2355 esse
1004 2290 1113 2355 velim.

342 2394 479 2458 crimina
496 2414 562 2457 non
580 2394 663 2457 haec
679 2403 757 2456 sunt
773 2405 886 2458 nostro
902 2394 974 2458 sine
990 2395 1080 2458 lacta
1096 2394 1229 2459 dolore:

385 2497 465 2579 quid
481 2496 636 2561 miserum
653 2506 797 2580 torques,
814 2517 926 2560 rumor
942 2496 1084 2561 acerbe?
1106 2506 1189 2562 tace.
