2908 4284
526 300 631 349 LIBER
655 301 834 350 SECVNDVS

219 474 256 528 tu
275 465 389 545 procul
406 475 567 528 eventura
582 465 685 539 vides,
702 464 762 528 tibi
778 465 910 529 deditus
926 485 1034 548 augur

264 568 326 631 scit
341 568 427 631 bene
443 569 522 650 quid
539 569 600 631 fati
616 569 757 650 provida
771 579 884 633 cantet
901 571 980 645 avis,

135 673 139 683 '
218 682 322 755 tuque
338 673 426 753 regis
443 681 559 748 sortes,
577 691 637 753 per
653 682 686 735 te
702 675 883 755 praesentit
899 692 1052 754 aruspex,

265 775 388 838 lubrica
405 775 548 856 signavit
564 795 640 838 cum
656 776 738 840 deus
755 787 831 840 exta
846 776 950 840 notis:

219 890 251 942 te
268 879 351 942 duce
370 879 541 941 Romanos
558 899 739 961 numquam
757 881 915 944 frustrata
932 879 1061 964 Sibylla

262 981 376 1045 abdita
391 1001 477 1064 quae
494 982 584 1045 senis
600 983 672 1046 fata
688 985 777 1045 canit
793 982 942 1065 pedibus.

220 1085 363 1160 Phoebe,
381 1104 492 1149 sacras
511 1086 730 1149 Messalinum
746 1086 817 1149 sine
832 1097 971 1172 tangere
987 1087 1121 1151 chartas
1162 1092 1164 1096 ’

261 1190 355 1263 vatis,
373 1189 494 1271 etipse
510 1209 628 1272 precor
643 1190 722 1273 quid
739 1201 837 1254 canat
852 1189 908 1252 illa
924 1190 1015 1254 doce.

218 1293 301 1356 haec
318 1291 410 1356 dedit
425 1294 564 1357 Aeneae
581 1303 697 1367 sortes,
716 1303 893 1376 postquam
911 1293 964 1356 ille
981 1303 1153 1375 parentem

261 1395 380 1459 dicitur
395 1407 429 1460 et
444 1407 558 1478 raptos
576 1396 773 1460 sustinuisse
791 1397 911 1460 Lares:

217 1519 281 1562 nec
296 1500 369 1563 fore
385 1500 543 1564 credebat
557 1501 709 1576 Romam,
728 1519 802 1563 cum
820 1509 967 1563 maestus
983 1500 1025 1563 ab
1041 1500 1109 1564 alto

264 1603 349 1666 ilion
365 1603 520 1667 ardentes
536 1604 782 1686 respiceretque
802 1604 891 1668 deos

220 1707 382 1770 Romulus
398 1718 554 1771 aeternae
569 1708 718 1771 nondum
734 1709 937 1771 formaverat
953 1707 1043 1771 urbis

262 1810 401 1887 moenia,
418 1812 564 1874 consorti
580 1831 646 1874 non
664 1811 845 1874 habitanda
863 1813 979 1887 Remo,

217 1914 277 1977 sed
293 1922 372 1978 tunc
388 1914 572 1995 pascebant
589 1914 731 1977 herbosa
749 1915 876 1978 Palatia
892 1934 1013 1980 vaccae

261 2027 295 2080 et
310 2017 443 2080 stabant
458 2017 600 2081 humiles
617 2019 650 2081 in
669 2017 758 2080 Iovis
774 2038 850 2082 aree
867 2039 973 2083 casae.

217 2119 302 2184 lacte
319 2120 457 2184 madens
472 2120 539 2184 illic
555 2120 691 2185 suberat
709 2122 778 2185 Pan
794 2122 876 2186 ilicis
893 2123 1030 2188 umbrae

260 2233 295 2287 et
309 2224 401 2288 facta
416 2226 540 2306 agresti
557 2226 668 2306 lignea
685 2226 771 2289 lalce
789 2226 893 2303 Pales,

217 2327 451 2411 pendebatque
466 2327 545 2409 vagi
560 2330 703 2410 pastoris
720 2330 753 2391 in
771 2331 888 2394 arbore
904 2340 1028 2408 votum,

260 2431 393 2512 garrula
409 2431 550 2496 silvestri
566 2432 677 2495 fistula
694 2453 788 2496 sacra
804 2431 877 2511 ded,

217 2534 329 2596 fistula
343 2536 396 2598 cui
412 2555 544 2618 semper
560 2536 723 2599 decrescit
738 2538 910 2601 arundinis
926 2539 1023 2603 ordo:

260 2657 337 2700 nam
353 2638 501 2701 calamus
518 2658 594 2702 cera
610 2640 757 2722 iungitur
773 2662 878 2724 usque
895 2643 1009 2706 minor.

216 2749 251 2803 at
266 2761 332 2822 qua
346 2740 484 2804 Velabri
499 2743 591 2823 regio
609 2753 711 2824 patet,
729 2747 776 2807 ire
792 2744 919 2808 solebat

260 2845 399 2925 exiguus
415 2845 511 2925 pulsa
527 2866 587 2927 per
602 2847 689 2910 vada
705 2848 803 2911 linter
818 2869 913 2930 aqua.

123 2976 157 3028 35
215 2947 270 3010 illa
284 2967 385 3028 saepe
401 2948 514 3030 gregis
530 2950 590 3012 diti
606 2951 768 3032 placitura
787 2953 944 3033 magistro

261 3051 303 3114 ad
319 3050 470 3114 iuvenem
486 3053 574 3116 festa
589 3065 641 3119 est
656 3065 752 3118 vecta
768 3055 878 3136 puella
893 3055 957 3132 die,

216 3173 292 3216 cum
309 3174 375 3236 qua
389 3154 528 3218 fecundi
543 3157 712 3220 redierunt
730 3178 867 3222 munera
883 3159 975 3236 ruris,

260 3277 378 3320 caseus
394 3268 427 3321 et
443 3258 561 3323 niveae
576 3261 738 3325 candidus
754 3281 861 3342 agnus
876 3262 955 3325 ovis.

217 3362 387 3444 ‘Impiger
399 3362 528 3438 Aenea,
545 3363 715 3427 volitantis
731 3365 836 3427 frater
851 3366 996 3441 Amoris,

123 3491 158 3541 40
258 3465 379 3529 Troica
395 3467 452 3548 qui
468 3466 621 3548 profugis
637 3487 733 3531 sacra
747 3469 841 3531 vehis
858 3468 994 3544 ratibus,

166 3643 170 3652 ¹
216 3567 281 3634 iam
299 3568 358 3632 tibi
376 3569 561 3634 Laurentes
578 3570 733 3651 adsignat
751 3570 903 3652 Iuppiter
918 3592 1026 3653 agros,

260 3669 325 3734 iam
340 3682 438 3735 vocat
454 3682 604 3736 errantes
620 3673 753 3755 hospita
768 3684 856 3737 terra
873 3676 985 3738 Lares.

650 3791 708 3855 Ι43
