2908 4284
234 289 254 334 2,
269 289 290 337 3,
306 274 332 340 3]
698 270 868 321 TIBVLLVS

231 1601 259 1647 ¹4

231 1682 273 1751 14⁸

228 3689 258 3740 30

315 435 390 515 ipsa
405 435 522 499 Venus
539 435 622 499 latos
637 435 703 498 iam
719 455 809 499 nunc
826 434 980 517 migravit
995 435 1029 499 in
1044 457 1154 519 agros,

360 538 527 620 verbaque
543 540 682 602 aratoris
697 538 820 602 rustica
836 539 934 602 discit
951 541 1066 603 Amor.

313 663 334 705 o
349 662 423 723 ego,
441 662 515 706 cum
533 640 716 723 aspicerem
733 641 911 718 dominam,
929 663 1029 724 quarn
1046 643 1176 708 fortiter
1192 643 1258 710 illic

358 765 526 808 versarem
542 746 652 808 valido
669 745 794 827 pingue
810 745 945 810 bidente
962 746 1067 810 solum

315 849 547 930 agricolaeque
563 849 661 912 modo
677 869 815 913 curvum
832 859 978 914 sectarer
995 861 1150 926 aratrum,

359 952 438 1014 dum
455 952 614 1034 subigunt
629 952 758 1016 steriles
775 973 855 1015 arva
872 953 1013 1017 serenda
1029 953 1153 1017 bovesl

316 1075 377 1120 nec
394 1075 550 1139 quererer
565 1057 655 1138 quod
671 1055 719 1119 sol
736 1056 878 1137 graciles
894 1067 1046 1120 exureret
1061 1067 1162 1134 artus,

358 1159 504 1223 laederet
519 1169 553 1222 et
568 1169 701 1224 teneras
716 1161 854 1241 pussula
870 1171 969 1243 rupta
985 1180 1113 1224 manus.

315 1264 406 1345 pavit
422 1273 456 1326 et
471 1263 609 1327 Admeti
625 1274 738 1327 tauros
755 1264 922 1328 formosus
939 1264 1073 1346 Apollo,

358 1386 421 1430 nec
437 1366 563 1430 cithara
578 1368 730 1430 intonsae
747 1369 987 1448 profueruntue
1003 1387 1129 1444 comae,

314 1489 377 1533 nec
394 1469 501 1551 potuit
516 1489 611 1533 curas
628 1490 746 1533 sanare
763 1470 949 1534 salubribus
966 1470 1097 1533 herbis:

357 1573 516 1656 quidquid
533 1582 604 1636 erat
621 1574 768 1636 medicae
780 1575 906 1638 vicerat
921 1574 1002 1636 artis
1018 1593 1120 1637 amor.

312 1676 384 1760 ipse
400 1677 482 1740 deus
499 1677 615 1740 solitus
632 1667 770 1740 stabulis
786 1678 952 1759 expellere
967 1697 1088 1741 vaccas

361 1801 379 1835 Ι
525 1799 543 1834 Ι
687 1802 705 1836 Ι
851 1801 869 1836 Ι
1013 1799 1031 1833 1
1179 1795 1200 1837 C

316 1894 349 1949 et
365 1886 502 1951 miscere
518 1906 605 1950 novo
621 1885 774 1951 docuisse
790 1886 930 1968 coagula
945 1886 1041 1962 lacte,

360 1993 485 2057 lacteus
501 2003 535 2056 et
552 1994 654 2056 mixtu
670 1991 874 2074 subriguisse
890 1992 1007 2075 liquor.

314 2104 393 2160 tunc
410 2097 534 2160 fiscella
550 2097 615 2160 levi
630 2096 764 2161 detexta
776 2105 827 2159 est
842 2094 964 2158 vimine
980 2094 1078 2171 iunci,

331 2205 332 2212 ’
358 2220 497 2282 raraque
513 2220 573 2282 per
588 2220 693 2263 nexus
708 2209 759 2263 est
773 2199 827 2262 via
843 2199 932 2263 iacta
948 2219 1030 2263 sero.

315 2326 334 2369 o
349 2307 504 2387 quotiens
519 2305 576 2369 illo
590 2306 729 2370 vitulum
748 2314 901 2387 gestante
917 2323 978 2386 per
993 2303 1093 2384 agros

358 2409 477 2474 dicitur
493 2429 669 2474 occurrens
685 2409 856 2472 erubuisse
873 2407 980 2471 soror!
995 2437 1001 2448 ·

315 2528 334 2575 ο
351 2512 505 2594 quotiens
521 2533 631 2588 ausae,
650 2521 785 2576 caneret
801 2513 879 2575 dum
895 2511 983 2574 valle
998 2509 1061 2573 sub
1077 2508 1154 2586 alta,

358 2636 511 2698 rumpere
528 2618 658 2698 mugitu
676 2617 823 2680 carmina
838 2615 937 2678 docta
951 2613 1073 2677 boves!

315 2739 417 2801 saepe
432 2721 535 2784 duces
551 2719 689 2802 trepidis
706 2721 832 2801 petiere
848 2717 983 2781 oracula
998 2716 1107 2791 rebus,

358 2825 450 2887 venit
465 2834 499 2887 et
515 2844 534 2886 a
550 2823 684 2905 templis
701 2823 793 2885 irrita
808 2822 906 2885 turba
921 2822 1072 2894 domum:

315 2945 417 3008 saepe
434 2928 568 2993 horrere
585 2947 697 2992 sacros
713 2927 818 2991 doluit
836 2927 967 2989 Latona
982 2923 1129 3005 capillos,

359 3051 441 3114 quos
457 3032 618 3095 admirata
633 3040 684 3096 est
699 3031 773 3113 ipsa
789 3048 930 3094 noverca
946 3029 1046 3109 prius.

314 3135 463 3218 quisquis
478 3137 734 3217 inornatumque
751 3142 853 3216 caput
869 3134 1043 3213 crinesque
1060 3129 1185 3193 solutos

358 3239 531 3320 aspiceret,
550 3239 674 3303 Phoebi
690 3245 865 3321 quaereret
880 3236 935 3299 ille
951 3253 1089 3298 comam.

317 3349 421 3412 Delos
438 3350 493 3413 ubi
510 3370 607 3426 nunc,
627 3350 770 3425 Phoebe,
787 3356 922 3422 tuaest,
940 3345 997 3409 ubi
1014 3342 1181 3426 Delphica
1197 3341 1333 3427 Pytho?
1387 3347 1393 3372 '

359 3472 480 3535 nempe
496 3455 602 3518 Amor
618 3455 651 3516 in
670 3473 773 3536 parva
789 3462 823 3515 te
838 3451 929 3514 iubet
946 3469 1020 3513 esse
1036 3467 1122 3512 casa.

318 3556 435 3620 felices
452 3556 539 3633 olim,
556 3556 681 3621 Veneri
697 3577 773 3620 cum
790 3556 896 3619 fertur
912 3562 1026 3636 aperte

360 3659 484 3722 servire
501 3664 654 3720 aeternos
670 3674 737 3717 non
754 3654 913 3736 puduisse
930 3653 1021 3729 deos,

752 3759 810 3838 138
