2908 4284
548 287 652 336 LIBER
675 284 805 336 PRIMVS

258 472 323 516 neu
340 472 445 535 prope
462 451 604 533 fulgenti
621 450 745 514 lumina
760 452 846 515 ferte
862 452 945 515 face.

216 555 244 618 si
259 555 332 638 quis
347 567 381 618 et
397 556 591 637 imprudens
607 556 783 637 aspexerit,
799 556 932 619 occulat
945 555 1001 620 ille

260 678 383 741 perque
400 659 481 722 deos
497 679 613 722 omnes
630 677 666 721 se
683 658 873 722 meminisse
890 669 1008 739 neget:

215 782 292 824 nam
307 762 409 825 fuerit
425 762 623 845 quicumque
643 762 772 844 loquax,
789 762 818 825 is
834 762 997 843 sanguine
1013 771 1135 838 natam,

258 866 285 929 is
300 866 467 929 Venerem
484 886 503 930 e
519 865 635 946 rapido
653 867 775 929 sentiet
785 886 860 930 esse
876 865 967 928 mari.

215 989 276 1032 nec
291 979 404 1032 tamen
420 969 496 1032 huic
513 968 627 1033 credet
644 968 787 1032 coniunx
802 979 888 1046 tuus,
907 979 943 1033 ut
959 968 1039 1032 mihi
1053 989 1155 1032 verax

261 1073 407 1156 pollicita
422 1083 474 1137 est
489 1074 619 1153 magico
637 1092 718 1154 saga
735 1073 922 1137 ministerio.

216 1178 302 1241 hanc
317 1197 381 1258 ego
397 1177 439 1240 de
455 1178 547 1241 caelo
565 1177 742 1241 ducentem
759 1177 866 1241 sidera
881 1177 959 1253 vidi,

259 1281 403 1344 fluminis
419 1281 501 1344 haec
519 1281 625 1363 rapidi
642 1281 787 1345 carmine
804 1280 901 1345 vertit
917 1281 987 1357 iter,

208 1385 297 1448 baec
313 1394 413 1448 cantu
429 1385 590 1468 finditque
608 1373 715 1448 solum
732 1405 914 1468 manesque
929 1382 1092 1466 sepulcris

257 1488 344 1552 elicit
359 1498 392 1552 et
408 1488 521 1570 tepido
537 1488 678 1553 devocat
693 1509 769 1553 ossa
785 1508 884 1571 rogo:

215 1592 280 1655 iam
296 1602 388 1656 tenet
402 1593 552 1656 infernas
569 1594 700 1675 magico
716 1592 857 1657 stridore
872 1602 1032 1668 catervas,

258 1695 323 1758 iam
339 1696 431 1760 iubet
446 1716 600 1778 aspersas
617 1697 702 1760 lacte
719 1697 844 1760 referre
860 1697 989 1778 pedem.

216 1819 290 1861 cum
308 1799 396 1876 libet,
413 1800 495 1863 haec
511 1799 597 1864 tristi
613 1800 751 1882 depellit
766 1799 880 1862 nubila
895 1799 1007 1863 caelo:

126 1928 159 1983 50
258 1923 333 1965 cum
350 1903 438 1978 libet,
454 1905 581 1968 aestivo
597 1913 758 1968 convocat
774 1903 853 1967 orbe
869 1903 972 1966 nives.

215 2005 286 2069 sola
300 2016 414 2070 tenere
430 2009 534 2070 malas
552 2007 694 2071 Medeae
710 2007 829 2070 dicitur
845 2006 975 2082 herbas,

259 2110 329 2174 sola
346 2111 435 2174 feros
452 2111 604 2175 Hecatae
621 2111 848 2194 perdomuisse
865 2130 974 2174 canes.

215 2214 298 2277 haec
316 2214 395 2276 mihi
410 2217 596 2297 composuit
612 2225 739 2290 cantus,
757 2216 831 2297 quis
847 2214 964 2278 fallere
981 2233 1117 2296 posses:

259 2327 310 2380 ter
324 2338 416 2394 cane,
433 2327 483 2382 ter
499 2319 595 2382 dictis
612 2319 738 2401 despue
755 2317 966 2381 carminibus.

126 2447 158 2501 55
213 2420 268 2484 ille
285 2421 367 2484 nihil
383 2421 504 2502 poterit
515 2421 557 2485 de
573 2422 669 2485 nobis
685 2421 821 2485 credere
837 2421 1001 2503 cuiquam,

259 2544 326 2587 non
343 2525 413 2600 sibi,
431 2525 459 2587 si
473 2527 507 2588 in
525 2526 614 2588 molli
630 2525 749 2589 viderit
764 2525 837 2607 ipse
852 2534 933 2588 toro.

215 2637 251 2690 tu
266 2637 379 2692 tamen
395 2628 564 2692 abstineas
580 2629 671 2692 aliis:
695 2649 770 2692 nam
786 2638 898 2692 cetera
914 2637 1028 2692 cernet

259 2733 388 2795 omnia:
412 2732 453 2795 de
470 2753 523 2796 me
539 2753 606 2796 uno
622 2732 743 2796 sentiet
758 2732 813 2795 ille
829 2731 921 2795 nibil.

215 2834 294 2917 quid
310 2835 465 2899 credam?
489 2856 610 2919 nempe
627 2837 709 2899 baec
725 2835 842 2899 eadem
859 2855 895 2898 se
910 2834 991 2898 dixit
1006 2854 1137 2897 amores

125 2951 159 3001 60
258 2939 410 3003 cantibus
426 2950 484 3004 aut
499 2941 611 3004 herbis
628 2939 757 3003 solvere
773 2959 872 3022 posse
888 2957 990 3014 meos,

215 3053 250 3104 et
266 3062 317 3106 me
334 3042 483 3107 lustravit
498 3044 615 3120 taedis,
633 3054 667 3108 et
682 3053 779 3107 nocte
795 3062 913 3107 serena

260 3146 403 3209 concidit
418 3146 460 3209 ad
477 3147 624 3227 magicos
641 3147 749 3210 hostia
765 3145 856 3230 pulla
872 3145 971 3209 deos:

216 3268 285 3311 non
300 3268 363 3331 ego
379 3259 468 3313 totus
484 3250 615 3313 abesset
633 3271 733 3326 amor,
752 3250 811 3313 sed
827 3258 961 3312 mutuus
974 3255 1071 3324 esset,

260 3352 404 3427 orabam,
421 3373 482 3416 nec
498 3362 532 3416 te
549 3373 648 3434 posse
664 3373 777 3416 carere
793 3353 903 3417 velim.

127 3466 160 3534 65
216 3455 345 3518 ferreus
360 3455 416 3518 ille
431 3455 494 3518 fuit
511 3457 576 3538 qui,
590 3466 623 3520 te
640 3476 715 3519 cum
732 3466 847 3539 posset
862 3454 995 3531 habere,

260 3559 411 3622 maluerit
428 3558 568 3640 praedas
585 3559 705 3622 stultus
721 3569 755 3623 et
771 3578 862 3623 arma
878 3560 981 3641 sequi.

217 3660 272 3725 ille
289 3662 365 3725 licet
380 3661 521 3727 Cilicum
536 3661 642 3726 victas
658 3672 737 3743 agat
752 3672 830 3726 ante
846 3671 1003 3734 catervas,

643 3792 698 3841 111
