2908 4284
345 1021 346 1024 ¹
457 1077 609 1159 virn
649 1032 903 1158 risum

533 1300 693 1384 <Don1T11
718 1300 847 1382 Mnnm)

223 1468 275 1531 Te
290 1487 423 1550 quoque
438 1466 588 1549 Vergilio
604 1467 759 1530 comitem
776 1486 844 1529 non
859 1485 976 1548 aequa,
995 1465 1136 1543 Tibulle,

311 1591 399 1634 mors
414 1571 567 1634 iuvenem
584 1589 721 1653 campos
737 1569 826 1633 misit
841 1570 882 1633 ad
901 1570 1043 1655 Elysios,

232 1717 236 1727 ·
268 1693 311 1738 ne
327 1675 423 1750 ioret,
440 1684 498 1738 aut
512 1674 616 1755 elegis
631 1673 749 1738 molles
765 1673 822 1756 qui
837 1673 932 1737 fleret
945 1693 1076 1738 amores

311 1787 370 1842 aut
384 1788 519 1842 caneret
533 1777 613 1841 forti
627 1777 720 1859 regia
734 1777 822 1841 bella
838 1779 933 1860 pede.

146 1916 304 1996 5Albius
327 1914 479 1978 Tibullus
501 1935 604 1998 eques
627 1915 810 1991 Romanus,
833 1914 975 1997 insignis
1006 1917 1115 1979 forma
1137 1916 1240 1979 cultu-

178 2039 246 2102 que
261 2021 409 2102 corporis
425 2018 652 2096 observabilis,
665 2029 744 2083 ante
759 2019 842 2082 alios
858 2020 1039 2084 Corvinum
1057 2019 1239 2082 Messalam

178 2133 346 2187 oratorem
369 2123 491 2199 dilexit,
515 2124 610 2186 cuius
632 2123 732 2186 etiam
763 2122 1012 2188 contubernalis
1034 2123 1239 2205 Aquitanico

178 2227 268 2290 bello
291 2227 486 2302 militaribus
511 2227 607 2291 donis
631 2228 775 2292 donatus
799 2237 859 2291 est.
913 2226 966 2291 hic
991 2227 1168 2291 multorum
1194 2226 1240 2290 iu-

178 2331 266 2394 dicio
302 2332 487 2414 principem
522 2333 611 2396 inter
648 2331 905 2413 elegiographos
949 2331 1077 2395 obtinet
1117 2331 1236 2395 locum.

130 2461 165 2498 ιο
177 2434 341 2516 epistolae
357 2455 490 2518 quoque
508 2435 579 2498 eius
595 2436 785 2524 amatoriae,
802 2455 1005 2520 quamquam
1024 2436 1153 2509 breves,
1173 2455 1239 2497 om-

178 2539 260 2602 nino
277 2539 374 2602 utiles
390 2549 477 2603 sunt.
521 2538 603 2602 obiit
618 2539 822 2614 adolescens,
840 2549 877 2602 ut
891 2537 1017 2602 indicat
1031 2537 1239 2620 epigramma
1339 2603 1341 2606 .

178 2663 283 2725 supra
306 2643 474 2725 scriptum.
557 2670 559 2675 ¹
1200 2662 1202 2666 ’

222 2801 306 2854 eques
320 2785 471 2852 Romanus,
483 2793 519 2852 ψ;
534 2801 617 2855 eques
631 2784 752 2856 Regalis,
763 2792 804 2851 A3
818 2801 902 2854 eques
915 2782 1089 2854 R(omanus)
1105 2801 1121 2838 e
1132 2782 1238 2852 Gabiis,

205 2869 358 2925 Baehrens.
397 2878 542 2940 oratorem,
555 2879 592 2940 ψς
612 2870 756 2942 originem,
768 2878 792 2928 Α
796 2908 803 2925 .
