2908 4284
529 275 634 324 LIBER
657 274 835 323 SECVNDVS

220 448 364 522 postque
380 438 471 505 venit
485 440 605 504 tacitus
623 439 728 502 furvis
744 438 968 502 circumdatus
983 437 1044 501 alis

264 544 411 609 Somnus
426 552 461 608 et
476 543 602 608 incerto
621 542 758 607 Somnia
774 543 870 623 nigra
886 541 982 624 pede.

674 783 699 848 2

222 951 384 1016 Dicamus
400 952 489 1016 bona
504 951 630 1015 verba:
652 950 744 1014 venit
762 948 893 1012 Natalis
909 949 951 1012 ad
967 967 1062 1013 aras:

264 1056 413 1139 quisquis
428 1056 518 1132 ades,
536 1055 658 1136 lingua,
674 1055 723 1118 vir
739 1054 930 1137 mulierque,
947 1052 1033 1116 lave.

221 1169 359 1222 urantur
375 1160 430 1240 pia
444 1169 520 1222 tura
535 1159 631 1233 socia,
649 1166 786 1220 urantur
802 1156 922 1220 odores

264 1283 347 1345 quos
363 1271 458 1326 tener
473 1283 491 1326 e
507 1271 596 1326 terra
611 1260 713 1325 divite
732 1261 831 1324 mittit
848 1259 972 1323 Arabs.

220 1367 294 1448 ipse
310 1387 388 1430 suos
405 1367 532 1430 Genius
548 1367 634 1429 adsit
650 1366 781 1429 visurus
797 1365 952 1439 honores,

264 1468 319 1533 cui
333 1470 492 1534 decorent
508 1480 642 1533 sanctas
659 1468 769 1533 mollia
786 1477 875 1532 serta
891 1486 1013 1531 comas.

219 1573 307 1638 illius
324 1595 407 1656 puro
423 1574 593 1638 destillent
611 1583 762 1655 tempora
778 1572 893 1647 nardo,

264 1687 364 1760 atque
379 1687 472 1741 satur
487 1677 554 1740 libo
571 1679 613 1741 sit
631 1673 828 1758 madeatque
845 1695 945 1751 mero,

220 1781 345 1844 adnuat
361 1792 404 1857 et,
422 1780 580 1857 Cornute‚
598 1780 657 1844 tibi
675 1781 908 1862 quodcumque
924 1777 1067 1860 rogabis.

263 1905 305 1948 en
322 1904 395 1966 age,
411 1885 491 1968 quid
508 1884 643 1949 cessas?
660 1884 775 1947 adnuit
790 1884 865 1946 ille:
889 1902 979 1966 roga.

220 2007 373 2070 auguror,
390 1990 501 2052 uxoris
518 1989 601 2052 fidos
617 1988 749 2071 optabis
766 2008 915 2053 amores:

263 2089 329 2151 iam
346 2108 420 2153 reor
435 2089 499 2152 hoc
514 2090 606 2171 ipsos
623 2088 798 2151 edidicisse
815 2088 905 2152 deos.

220 2210 282 2255 nec
297 2191 358 2255 tibi
373 2192 528 2256 malueris
557 2202 663 2256 totum
680 2211 911 2276 quaecumque
926 2212 986 2274 per
1003 2192 1117 2256 orbem

264 2295 359 2359 fortis
373 2305 448 2359 arat
461 2296 572 2358 valido
588 2295 730 2360 rusticus
747 2316 826 2358 arva
841 2295 936 2371 bove,

219 2417 282 2462 nec
297 2399 364 2474 tibi,
382 2419 588 2481 gemmarum
606 2398 766 2482 quidquid
783 2399 935 2463 felicibus
953 2400 1048 2464 Indis

263 2501 418 2578 nascitur,
438 2503 501 2566 Eoi
516 2523 582 2586 qua
598 2503 698 2566 maris
715 2504 805 2566 unda
820 2502 927 2566 rubet.

218 2614 298 2668 vota
312 2606 455 2669 cadunt:
479 2607 606 2670 utinam
625 2606 875 2687 strepitantibus
894 2606 1026 2670 advolet
1043 2605 1104 2670 alis

264 2708 417 2791 flavaque
433 2710 587 2792 coniugio
603 2709 736 2773 vincula
753 2719 862 2792 portet
879 2710 995 2785 Amor,

219 2811 352 2875 vincula
368 2833 453 2893 quae
469 2824 626 2876 maneant
642 2833 774 2894 semper
789 2813 869 2876 dum
884 2813 979 2876 tarda
994 2822 1149 2877 senectus

127 2942 161 2980 ιο
265 2915 401 2979 inducat
416 2936 516 2998 rugas
531 2916 722 3000 inficiatque
738 2936 860 2980 comas.

220 3017 274 3081 hic
289 3018 402 3082 veniat
419 3019 548 3082 Natalis
564 3019 634 3082 avis
650 3020 843 3102 prolemque
859 3019 1030 3095 ministret,

265 3121 357 3186 ludat
372 3130 406 3187 et
420 3131 498 3186 ante
514 3130 588 3186 tuos
604 3123 702 3187 turba
717 3122 849 3187 novella
864 3122 978 3204 pedes.

675 3364 700 3455 3

223 3546 315 3610 Rura
331 3568 448 3620 meam,
469 3549 626 3625 Comute,
643 3558 759 3613 tenent
774 3548 939 3631 villaeque
955 3547 1118 3630 puellam:

263 3651 394 3715 ferreus
410 3662 470 3727 est,
487 3652 553 3716 heu
570 3653 645 3729 heu,
663 3652 812 3735 quisquis
827 3653 862 3714 in
879 3651 961 3716 urbe
977 3660 1097 3715 manet.

646 3774 705 3841 137
