2908 4284
569 303 674 353 LIBER
698 303 829 352 PRIMVS

234 486 273 529 ac
288 466 445 530 iuvenum
462 467 564 530 series
580 468 703 530 teneris
719 467 868 530 immixta
884 465 1003 548 puellis

278 569 370 645 ludit,
387 580 421 632 et
437 570 575 633 adsidue
592 570 719 651 proelia
735 571 851 633 miscet
867 571 982 633 Amor.

140 685 176 752 65
232 673 298 736 illic
314 684 366 736 est
381 674 578 756 cuicumque
593 694 697 756 rapax
713 673 805 736 Mors
820 675 913 736 venit
928 673 1064 752 amanti,

278 786 311 840 et
326 777 411 858 gerit
426 777 550 858 insigni
565 788 694 862 myrtea
710 786 798 840 serta
814 796 919 841 coma.

235 891 268 943 at
285 881 445 943 scelerata
460 880 545 944 iacet
561 882 658 946 sedes
673 882 708 944 in
724 890 822 944 nocte
839 882 1007 962 profunda

279 983 399 1059 abdita,
417 1004 516 1066 quam
533 983 656 1047 circum
673 984 809 1046 flumina
825 985 921 1065 nigra
936 997 1071 1050 sonant:

235 1089 484 1171 Tisiphoneque
501 1088 633 1170 impexa
648 1089 738 1152 feros
755 1110 814 1172 pro
830 1090 976 1153 crinibus
992 1110 1119 1170 angues

277 1192 390 1267 saevit,
408 1200 441 1254 et
457 1191 522 1254 huc
537 1191 615 1255 illuc
631 1192 734 1274 impia
750 1193 848 1256 turba
864 1193 967 1274 fugit:

234 1306 313 1359 ωηο
330 1295 425 1376 niger
440 1295 473 1358 in
491 1307 587 1377 porta
607 1301 798 1378 serpentum
816 1296 981 1362 Cerberus
996 1316 1053 1360 ore

278 1399 405 1474 stridet,
421 1409 455 1462 et
471 1409 601 1463 aeratas
616 1401 757 1463 excubat
772 1410 850 1464 ante
866 1400 965 1463 fores.
1026 1395 1027 1400 ’

234 1504 300 1566 illic
318 1503 481 1566 Iunonem
497 1513 663 1586 temptare
682 1504 805 1567 Ixionis
821 1503 893 1567 ausi

277 1617 452 1670 versantur
469 1608 569 1670 celeri
585 1609 684 1670 noxia
699 1607 848 1671 membra
863 1616 944 1683 rota,

144 1739 176 1792 75
233 1722 471 1794 porrectusque
488 1732 608 1775 novem
625 1713 742 1796 Tityos
759 1731 818 1793 per
833 1711 948 1792 iugera
964 1719 1072 1774 terrae

279 1816 436 1879 adsiduas
453 1826 525 1879 atro
540 1815 668 1879 viscere
686 1815 792 1898 pascit
808 1835 895 1878 aves.

151 2003 153 2009 Ι
234 1921 396 1984 Tantalus
412 1929 464 1984 est
478 1920 554 1996 illic,
571 1930 605 1982 et
621 1920 744 1982 circum
761 1929 895 2001 stagna:
920 1917 979 1980 sed
994 1936 1104 1980 acrem

276 2025 343 2087 iam
359 2024 424 2086 iam
442 2025 551 2106 poturi
567 2023 690 2086 deserit
706 2023 796 2085 unda
811 2021 915 2085 sitim:

233 2138 267 2192 et
285 2129 395 2191 Danai
411 2128 531 2209 proles,
550 2127 691 2191 Veneris
708 2126 796 2208 quod
812 2125 950 2200 numina
966 2123 1070 2199 laesit,

144 2245 178 2296 80
276 2232 310 2295 in
326 2252 409 2295 cava
426 2231 593 2295 Lethaeas
609 2229 697 2292 dolia
713 2238 822 2310 portat
838 2249 950 2310 aquas.

233 2335 299 2399 illic
316 2335 358 2400 sit
373 2334 572 2417 quicumque
590 2353 681 2397 meos
697 2332 832 2396 violavit
847 2351 986 2407 amores,

278 2439 405 2522 optavit
421 2440 528 2503 lentas
545 2447 578 2501 et
595 2438 674 2500 mihi
691 2436 831 2500 militias.

234 2554 268 2608 at
284 2554 320 2607 tu
336 2553 428 2607 casta
445 2562 561 2625 precor
578 2561 725 2616 maneas,
742 2539 915 2622 sanctique
930 2538 1068 2620 pudoris

278 2648 428 2710 adsideat
443 2656 555 2710 custos
573 2645 690 2709 sedula
705 2664 837 2726 semper
853 2663 945 2708 anus.
982 2719 985 2728 Ι

144 2764 177 2831 85
233 2752 316 2814 haec
331 2751 391 2814 tibi
407 2750 548 2813 fabellas
565 2750 689 2813 referat
706 2747 879 2830 positaque
896 2745 1031 2808 lucerna

277 2855 419 2918 deducat
434 2855 534 2937 plena
549 2851 692 2916 stamina
708 2852 807 2931 longa
822 2851 904 2913 colo.

233 2968 268 3022 at
283 2958 370 3021 circa
385 2957 542 3039 gravibus
560 2957 673 3038 pensis
691 2955 799 3017 adfixa
815 2952 926 3035 puella

279 3062 437 3143 paulatim
454 3082 570 3125 somno
586 3061 678 3124 fessa
694 3058 840 3122 remittat
855 3076 949 3138 opus.

234 3174 313 3229 ωηο
328 3167 459 3229 veniam
476 3164 594 3241 subit0,
611 3184 674 3227 nec
690 3162 865 3245 quisquam
882 3159 1013 3222 nuntiet
1027 3167 1115 3234 ante,

277 3269 335 3332 sed
350 3269 464 3333 videar
479 3268 572 3332 caelo
588 3268 709 3330 missus
726 3265 845 3328 adesse
861 3262 929 3326 tibi.

234 3382 313 3436 ωηο
330 3371 420 3447 mihi,
437 3373 545 3455 qualis
561 3371 634 3446 eris,
652 3371 770 3450 longos
788 3368 921 3431 turbata
936 3364 1083 3447 capillos,

277 3475 374 3538 obvia
389 3475 524 3550 nudate,
543 3474 649 3549 Delia,
666 3492 762 3536 curre
779 3472 873 3554 pede.

234 3579 298 3641 hoc
314 3599 439 3660 precor,
458 3580 546 3641 hunc
562 3577 652 3639 illum
670 3576 765 3638 nobis
783 3577 915 3637 Aurora
932 3574 1092 3635 nitentem

279 3682 472 3745 Luciferum
490 3681 592 3745 roseis
608 3681 751 3743 candida
767 3686 877 3761 portet
892 3676 995 3758 equis.

660 3803 716 3868 115
