2908 4284
235 292 256 337 r,
268 280 291 337 6,
304 278 350 345 ²5]
706 282 873 331 TIBVLLVS

238 475 268 530 ²5
325 468 437 531 saepe,
454 447 545 510 velut
560 466 711 529 gemmas
728 447 799 509 eius
815 445 1015 528 signumque
1032 445 1219 528 probarem,

367 572 427 634 per
443 570 577 614 causam
594 549 730 612 memini
746 569 799 612 me
815 549 965 630 tetigisse
981 569 1137 612 manum:

322 675 424 738 saepe
441 674 532 719 mero
548 672 701 717 somnum
718 652 834 735 peperi
849 652 917 729 tibi,
935 662 969 715 at
985 652 1057 734 ipse
1075 653 1230 718 bibebam

367 748 477 822 sobria
494 756 668 839 supposita
685 756 804 839 pocula
819 755 926 819 victor
941 776 1037 838 aqua.

324 883 390 926 non
406 883 469 944 ego
484 872 518 924 te
535 860 615 924 laesi
631 860 796 941 prudens:
819 860 956 940 ignosce
971 859 1110 935 latenti3

365 966 461 1029 iussit
476 966 601 1029 Amor:
627 974 748 1026 contra·
760 964 833 1045 quis
850 963 937 1026 ierat
952 983 1044 1026 arma
1060 962 1163 1026 deos?

323 1069 377 1133 ille
393 1089 457 1150 ego
474 1089 557 1144 sum,
574 1089 636 1131 nec
654 1088 705 1131 me
721 1068 786 1130 iam
805 1066 915 1130 dicere
931 1085 1011 1130 vera
1028 1065 1173 1147 pudebit,

366 1172 510 1236 instabat
526 1182 596 1236 tota
610 1174 663 1235 cui
679 1182 736 1235 tua
752 1179 849 1234 nocte
865 1171 966 1233 canis.

322 1276 402 1360 quid
418 1286 532 1340 tenera
548 1276 608 1339 tibi
624 1277 766 1356 coniuge
784 1274 890 1357 opus?
915 1283 973 1336 tua
990 1274 1018 1335 si
1033 1272 1121 1335 bona
1137 1273 1249 1337 nescis

366 1399 508 1454 servare,
525 1379 649 1443 frustra
664 1379 766 1442 clavis
782 1379 870 1441 inest
887 1377 1024 1441 loribus.

322 1494 354 1548 te
371 1493 471 1558 tenet,
489 1483 644 1546 absentes
660 1483 742 1545 alios
759 1482 903 1564 suspirat
920 1500 1050 1544 amores

268 1641 270 1646 .
366 1596 399 1650 et
415 1586 546 1650 simulat
563 1585 672 1649 subito
687 1585 897 1649 condoluisse
914 1593 1024 1666 caput.

324 1701 358 1754 at
373 1691 453 1753 mihi
469 1690 665 1754 servandam
683 1689 819 1753 credas:
843 1709 910 1753 non
928 1709 1030 1754 saeva
1046 1708 1164 1752 recuso

365 1795 512 1869 verbera,
530 1793 677 1856 detrecto
693 1813 760 1856 non
777 1813 840 1874 ego
857 1777 965 1857 vincla
983 1793 1117 1875 pedum.

323 1908 394 1961 tum
411 1897 526 1980 procul
540 1897 665 1972 absitis,
683 1896 831 1979 quisquis
847 1897 926 1961 colit
942 1905 1013 1960 arte
1030 1896 1177 1978 capillos,

360 2011 400 2074 et
415 2000 486 2063 fluit
501 2001 610 2064 effuso
627 2001 679 2063 cui
695 2009 773 2082 toga
790 2001 863 2063 laxa
878 2001 972 2064 sinu:

323 2104 473 2187 quisquis
488 2113 522 2166 et
538 2113 696 2179 occurret,
714 2124 755 2166 ne
773 2103 878 2184 possit
893 2105 1017 2168 crimen
1035 2106 1168 2181 habere,

367 2217 433 2271 stet
449 2207 564 2289 procul
579 2217 656 2270 ante
673 2208 745 2283 alia,
764 2217 830 2270 stet
846 2209 961 2289 procul
976 2219 1054 2274 ante
1069 2212 1132 2273 via.

323 2313 371 2375 sic
387 2312 457 2374 fieri
472 2311 563 2374 iubet
578 2311 650 2393 ipse
667 2311 759 2386 deus,
776 2313 823 2374 sic
840 2332 962 2392 magna
979 2315 1134 2378 sacerdos

367 2423 418 2478 est
433 2415 514 2477 mihi
530 2413 641 2477 divino
657 2414 835 2477 vaticinata
851 2435 942 2479 sono.

322 2519 406 2581 haec
421 2517 477 2580 ubi
495 2516 651 2581 Bellonae
667 2527 759 2580 motu
775 2528 827 2581 est
842 2518 977 2600 agitata,
996 2541 1058 2584 nec
1075 2541 1185 2610 acrem

366 2621 544 2696 flammam,
562 2641 629 2684 non
645 2641 760 2684 amens
776 2622 914 2686 verbera
930 2632 1017 2687 torta
1033 2625 1145 2689 timet:

323 2724 396 2820 ipsa
411 2724 556 2807 bipenne
572 2744 649 2787 suos
665 2725 773 2788 caedit
789 2725 934 2789 violenta
951 2727 1092 2792 lacertos

367 2829 595 2909 sanguineque
610 2828 720 2891 effuso
736 2830 863 2911 spargit
879 2831 984 2894 inulta
1000 2831 1107 2908 deam,

323 2941 455 3012 statque
472 2931 558 2994 latus
575 2932 720 3013 praefixa
736 2953 826 3009 veru,
845 2944 911 2997 stat
926 2936 1039 2998 saucia
1054 2946 1182 3016 pectus,

287 3057 291 3067 ¹
366 3045 399 3098 et
414 3036 504 3097 canit
519 3045 658 3099 eventus
674 3057 758 3118 quos
774 3037 837 3101 dea
853 3057 976 3118 magna
991 3048 1111 3102 monet.
1155 3103 1157 3108 ,

325 3138 468 3220 ‘parcite
484 3159 583 3220 quam
600 3140 744 3203 custodit
760 3140 867 3203 Amor
883 3141 1005 3204 violare
1023 3142 1178 3224 puellam,

368 3262 410 3305 ne
426 3242 539 3323 pigeat
554 3263 676 3324 magno
694 3252 769 3325 post
785 3243 940 3307 didicisse
957 3245 1053 3308 malo.

323 3345 479 3426 attigerit,
498 3346 650 3409 labentur
666 3366 757 3428 opes,
774 3356 810 3409 ut
825 3347 963 3412 vulnere
978 3358 1092 3412 nostro

368 3450 512 3530 sanguis,
530 3459 567 3512 ut
580 3450 631 3512 hic
648 3450 755 3512 ventis
771 3449 988 3532 diripiturque
1005 3451 1108 3515 cinis’

323 3561 357 3616 et
371 3553 431 3617 tibi
446 3552 558 3616 nescio
574 3573 657 3635 quas
672 3552 763 3628 dixit,
780 3573 852 3616 mea
871 3554 978 3630 Delia,
997 3575 1141 3637 poenas:

367 3655 396 3719 si
410 3665 521 3720 tamen
537 3656 702 3730 admittas,
719 3657 761 3718 sit
778 3675 894 3737 precor
909 3657 965 3720 illa
982 3658 1072 3721 levis.

750 3778 807 3824 122
