2902 4288
440 253 658 304 TESTIMONIA
681 254 838 318 ANTIQVA

73 431 108 480 60
217 428 331 494 restat,
348 419 382 480 in
399 418 515 502 Elysia
531 419 617 482 valle
633 419 785 482 Tibullus
801 420 872 483 erit.

172 522 292 585 obvius
310 523 385 585 huic
402 522 525 598 venias
543 523 666 586 hedera
682 522 846 586 iuvenalia
861 525 990 588 cinctus

218 634 371 706 tempora
386 645 461 688 curn
479 626 592 701 Calvo,
609 627 707 689 docte
724 627 862 702 Catulle,
880 636 947 702 tuo,

174 737 211 791 tu
228 749 371 811 quoque,
388 729 417 791 si
432 729 553 792 falsum
571 739 623 792 est
639 729 791 792 temerati
806 731 931 793 crimen
949 729 1055 807 amici,

220 833 392 914 sanguinis
408 842 508 914 atque
524 834 656 896 animae
674 833 813 915 prodige
830 834 925 898 Galle
941 844 1027 897 tuae.

75 949 109 1014 ⁶5
156 937 211 999 his
222 955 334 999 comes
345 936 462 1000 umbra
472 947 599 1000 tuaest.
621 938 724 1020 siqua
734 948 784 1001 est
795 937 1051 1018 modocorporis
1062 937 1188 1016 umbra,

220 1039 340 1103 auxisti
355 1060 521 1116 numeros,
539 1041 627 1104 culte
644 1040 785 1117 Tibulle,
804 1043 885 1122 pios.

174 1163 253 1206 ossa
268 1145 390 1226 quieta,
408 1164 534 1225 precor,
553 1155 624 1207 tuta
641 1146 837 1228 requiescite
853 1145 885 1209 in
904 1165 996 1222 urna,

219 1256 253 1308 et
269 1247 311 1310 sit
327 1248 448 1311 humus
464 1247 566 1311 cineri
583 1269 650 1312 non
667 1269 808 1313 onerosa
822 1259 890 1312 tuo.

496 1411 608 1475 Amor.
631 1430 657 1488 1,
678 1426 725 1492 1¹5,
744 1427 785 1492 27

174 1537 284 1602 donec
300 1549 399 1603 erunt
414 1541 510 1621 ignes
523 1560 687 1624 arcusque
704 1541 878 1623 Cupidinis
894 1560 996 1618 arma,

221 1642 390 1706 discentur
406 1644 544 1722 numeri,
561 1644 649 1708 culte
665 1645 807 1722 Tibulle,
824 1644 882 1709 tui.
944 1642 946 1646 ’

484 1782 679 1874 Arsam
699 1821 727 1885 3,
747 1820 807 1884 333

175 1943 211 1998 et
226 1932 333 1998 teneri
350 1933 457 2015 possis
474 1954 608 1998 carmen
626 1935 747 2018 legisse
766 1935 925 2017 Properti,

222 2039 291 2100 sive
308 2037 432 2119 aliquid
449 2037 545 2116 Galli,
563 2039 642 2116 sive,
659 2038 800 2115 Tibulle,
817 2048 919 2102 tuum.

482 2197 550 2261 Ars
565 2199 676 2263 Amat.
697 2215 725 2278 3,
745 2212 804 2278 535

176 2347 241 2390 nos
257 2326 398 2390 iacimus
416 2327 557 2409 placitae
574 2329 638 2392 late
654 2330 833 2425 praeconia
848 2328 992 2391 formae:

224 2451 346 2494 nornen
363 2430 463 2496 habet
481 2433 644 2509 Nemesis,
664 2432 810 2517 Cynthia
827 2451 949 2495 nomen
967 2430 1076 2494 habet.

483 2591 576 2656 Rem.
594 2592 706 2656 Amor.
726 2593 788 2671 763

141 2797 144 2802 ¹
178 2723 327 2788 carmina
342 2725 417 2807 quis
433 2724 541 2806 potuit
556 2732 629 2786 tuto
646 2721 767 2804 legisse
784 2718 917 2794 Tibulli,

223 2827 276 2890 vel
292 2836 357 2902 tua,
375 2829 469 2890 cuius
486 2847 570 2908 opus
588 2826 734 2910 Cynthia
749 2824 820 2886 sola
837 2821 922 2886 luit?
1038 2864 1040 2867 -

178 2930 254 3013 quis
271 2930 391 3012 poterit
407 2931 493 2994 lecto
510 2931 612 2992 durus
628 2928 798 2992 discedere
815 2925 934 2990 Gallo?

223 3042 258 3098 et
274 3053 348 3097 mea
364 3035 477 3098 nescio
493 3034 572 3116 quid
589 3032 735 3096 carmina
751 3031 816 3095 tale
833 3038 963 3094 sonant.

529 3195 625 3258 Tn'st.
644 3211 672 3271 2,
689 3207 751 3274 445

178 3345 249 3389 non
265 3323 329 3389 fuit
345 3325 524 3408 opprobrio
541 3324 727 3388 celebrasse
746 3320 912 3406 Lycorida
927 3319 1033 3396 Gallo,

225 3429 285 3492 sed
299 3419 448 3509 ⁴linguam
464 3428 566 3491 nimio
583 3447 650 3490 non
667 3426 813 3491 tenuisse
829 3444 928 3488 mero

180 3531 317 3595 credere
333 3532 454 3595 iuranti
465 3532 584 3594 durum
602 3540 696 3612 putat
711 3549 785 3593 esse
801 3527 963 3603 Tibullus,

226 3637 273 3699 sic
289 3635 388 3698 etiam
405 3636 447 3698 de
463 3655 499 3698 se
515 3634 605 3717 quod
621 3642 721 3714 neget
737 3632 793 3695 illa
808 3633 889 3695 viro.

614 3752 674 3818 177
