2908 4284
230 279 250 324 ²,
262 281 286 328 4,
298 267 344 332 42]
700 277 869 328 TIBVLLVS

362 455 424 499 nec
440 437 615 520 quisquam
632 439 785 505 flammae
801 443 937 506 sedulus
952 444 1054 508 addat
1069 465 1200 528 aquam.

318 558 377 602 seu
392 541 505 603 veniet
520 541 579 604 tibi
595 542 698 617 Mors,
716 563 777 607 nec
793 548 855 608 erit
871 548 928 629 qui
943 548 1055 629 lugeat
1073 549 1167 625 ullus,

361 662 423 705 nec
439 645 495 724 qui
511 644 568 706 det
584 654 726 709 maestas
744 665 863 708 munus
878 648 912 709 in
929 651 1111 730 exsequias.

230 771 261 824 45
317 755 351 809 at
366 745 454 809 bona
470 766 555 828 quae
571 767 633 810 nec
649 768 749 811 avara
766 749 837 823 luit,
855 760 989 814 centum
1006 753 1083 817 licet
1098 775 1204 819 annos

361 850 486 925 vixerit,
504 851 675 914 ardentem
692 851 824 915 flebitur
839 864 917 918 ante
934 875 1069 937 rogum:

318 963 417 1036 atque
433 954 551 1035 aliquis
568 955 678 1017 senior
694 966 823 1019 veteres
840 969 1018 1023 veneratus
1035 981 1163 1025 amores

361 1077 473 1119 annua
489 1068 679 1122 constructo
695 1069 784 1122 serta
800 1061 891 1124 dabit
906 1065 1033 1127 tumulo

317 1171 352 1224 et
368 1160 484 1224 ‘bene’
502 1162 678 1226 discedens
695 1163 783 1226 dicet
801 1166 1012 1249 ‘placideque
1028 1167 1190 1250 quiescas,

232 1291 262 1344 50
360 1275 514 1349 terraque
531 1288 667 1332 securae
684 1269 727 1332 sit
743 1290 844 1350 super
860 1291 937 1333 ossa
952 1271 1053 1334 levis.’

317 1390 396 1433 vera
411 1371 545 1453 quidem
563 1357 691 1447 moneo,
710 1374 768 1436 sed
785 1386 926 1455 prosunt
941 1376 1020 1456 quid
1037 1375 1117 1437 mihi
1134 1377 1233 1458 vera?

361 1475 448 1538 illius
463 1485 514 1539 est
529 1477 625 1540 nobis
642 1477 715 1558 lege
733 1478 891 1541 colendus
908 1499 1009 1541 amor.

318 1578 509 1662 quinetiam
526 1581 622 1644 sedes
638 1581 751 1644 iubeat
767 1583 795 1644 si
811 1582 955 1645 vendere
971 1585 1086 1658 avitas,

361 1682 405 1746 ite
422 1684 483 1747 sub
500 1684 674 1766 imperium
691 1686 752 1748 sub
769 1686 978 1768 titulumque,
997 1687 1109 1750 Lares.

232 1810 261 1863 55
316 1786 476 1869 quidquid
492 1787 594 1851 habet
611 1789 716 1864 Circe,
734 1788 895 1871 quidquid
913 1790 1034 1854 Medea
1050 1792 1187 1868 veneni,

361 1890 521 1974 quidquid
537 1900 571 1955 et
587 1892 764 1956 herbarum
780 1894 941 1957 Thessala
957 1902 1045 1957 terra
1061 1895 1155 1975 gerit,

317 2003 351 2059 et
366 1995 465 2076 quod,
479 1995 535 2058 ubi
551 1996 720 2060 indomitis
736 1998 895 2078 gregibus
911 1998 1027 2061 Venus
1043 1997 1145 2061 adflat
1162 2018 1304 2072 amores,

362 2098 581 2181 hippomanes
598 2100 738 2181 cupidae
755 2100 856 2163 'stillat
871 2100 913 2163 ab
929 2101 1066 2181 inguine
1082 2121 1197 2183 equae,

317 2201 344 2264 si
361 2202 458 2266 modo
474 2222 528 2266 me
544 2203 675 2284 placido
691 2204 802 2267 videat
819 2203 974 2267 Nemesis
991 2224 1065 2266 mea
1079 2205 1183 2280 vultu,

229 2317 261 2368 60
359 2305 449 2369 mille
465 2306 546 2369 alias
564 2306 684 2370 herbas
701 2309 839 2371 misceat
854 2307 918 2383 illa,
936 2307 1057 2371 bibam.

762 2561 784 2655 5

318 2724 462 2800 Phoebe,
479 2725 570 2788 fave:
588 2744 694 2787 novus
710 2725 895 2805 ingreditur
911 2734 968 2787 tua
983 2724 1110 2806 templa
1125 2725 1299 2789 sacerdos:

360 2827 426 2891 huc
442 2846 505 2909 age
521 2847 594 2891 cum
612 2827 740 2891 cithara
757 2828 1025 2910 carminibusque
1040 2827 1127 2891 veni.

316 2951 406 2995 nunc
422 2940 455 2994 te
470 2931 603 2995 vocales
619 2931 790 3012 impellere
803 2931 922 3011 pollice
938 2932 1089 3006 chordas,

359 3054 448 3098 nunc
465 3054 584 3118 precor
599 3035 641 3098 ad
659 3035 774 3098 laudes
791 3035 924 3098 flectere
937 3035 1038 3098 verba
1055 3054 1167 3098 novas.

245 3163 259 3217 5
317 3138 390 3222 ipse
405 3138 597 3220 triumphali
613 3139 787 3202 devinctus
804 3148 956 3220 tempora
971 3138 1073 3212 lauro,

360 3243 440 3306 dum
455 3244 627 3306 cumulant
643 3263 727 3317 aras,
745 3243 787 3304 ad
803 3253 861 3306 tua
878 3262 972 3305 sacra
987 3242 1073 3306 veni.

317 3347 376 3410 sed
391 3347 515 3410 nitidus
532 3347 736 3429 pulcherque
753 3347 846 3410 veni:
865 3366 955 3409 nunc
967 3346 1068 3408 indue
1085 3354 1212 3409 vestem

361 3453 550 3532 sepositam,
568 3451 685 3531 longas
703 3471 791 3512 nunc
808 3450 893 3513 bene
911 3460 1008 3531 pecte
1025 3468 1147 3524 comas,

316 3554 448 3636 qualem
466 3563 499 3617 te
517 3564 704 3618 memorant
722 3555 866 3617 Saturno
882 3574 962 3635 rege
979 3554 1097 3635 fugato

231 3684 262 3721 ro
360 3659 477 3722 victori
495 3658 610 3720 laudes
624 3658 833 3720 concinuisse
851 3657 932 3721 Iovi.

749 3780 807 3842 142
