2908 4284
184 258 193 278 ¹
215 263 235 312 ι,
249 261 270 311 ¹,
283 245 329 317 23]
682 263 853 316 nsvnnvs

300 448 389 511 agna
404 430 501 494 cadet
517 429 610 494 vobis
627 450 726 512 quam
744 431 867 494 circum
884 431 1007 494 rustica
1024 430 1130 514 pubes

343 534 464 597 clamet
482 535 532 597 ‘io
549 554 674 598 messes
691 544 724 597 et
739 534 828 598 bona
844 534 922 597 vina
938 535 1036 598 date.'

213 661 243 715 25
297 637 362 699 iam
380 637 479 700 modo
494 638 559 700 iam
578 637 703 719 possim
721 647 899 701 contentus
915 637 1026 702 vivere
1043 657 1146 720 parvo

343 760 404 803 nec
421 760 553 823 semper
569 741 689 822 longae
705 739 837 804 deditus
854 761 927 804 esse
942 741 1025 816 viae,

299 843 359 906 sed
375 844 477 909 Canis
493 845 636 908 aestivos
652 854 744 907 ortus
759 845 863 908 vitare
880 844 941 907 sub
958 844 1075 907 umbra

342 947 469 1011 arboris
484 947 526 1010 ad
543 949 630 1011 rivos
648 947 888 1030 praetereuntis
903 968 1020 1030 aquae.

300 1070 361 1114 nec
377 1061 489 1115 tamen
505 1051 671 1115 interdum
689 1051 813 1134 pudeat
830 1052 978 1116 tenuisse
993 1052 1162 1116 bidentem

212 1181 244 1233 30
341 1164 399 1218 aut
414 1155 547 1218 stimulo
562 1155 676 1219 tardos
693 1155 898 1236 increpuisse
914 1156 1025 1231 boves,

299 1278 367 1322 non
382 1278 547 1340 agnamve
563 1259 637 1322 sinu
653 1260 765 1341 pigeat
781 1260 930 1322 fetumve
946 1259 1094 1342 capellae

342 1361 509 1426 desertum
526 1362 628 1426 oblita
643 1373 749 1427 matre
766 1364 891 1428 referre
907 1365 1052 1428 domum.

298 1474 333 1528 at
349 1485 408 1529 vos
424 1463 543 1546 exiguo
560 1467 680 1548 pecori,
698 1467 857 1550 furesque
879 1469 1024 1551 lupique,

343 1569 490 1650 parcite:
514 1569 556 1632 de
573 1589 694 1651 magno
711 1580 762 1634 est
779 1571 903 1654 praeda
919 1572 1065 1653 petenda
1080 1589 1192 1653 grege.

214 1699 243 1750 35
300 1672 352 1735 hic
368 1692 431 1754 ego
448 1682 681 1756 pastoremque
700 1694 810 1738 meum
829 1675 968 1740 lustrare
985 1684 1065 1758 quot
1080 1674 1177 1754 annis

344 1785 378 1839 et
393 1776 556 1858 placidam
574 1778 665 1842 soleo
681 1799 840 1861 spargere
857 1780 942 1844 lacte
959 1779 1081 1843 Palem.

299 1879 424 1956 adsitis,
441 1879 517 1956 divi,
535 1901 597 1945 nec
613 1901 702 1945 vose
719 1903 867 1964 paupere
883 1903 999 1947 mensa

343 1985 431 2052 dona
447 2006 509 2050 nec
525 2007 544 2050 e
560 1989 651 2069 puris
668 1991 815 2071 spernite
833 1990 997 2053 fictilibus.

301 2089 411 2153 fictilia
427 2089 583 2174 antiquus
601 2091 742 2174 primum
760 2091 821 2155 sibi
838 2093 919 2157 iecit
934 2093 1075 2175 agrestis

212 2219 245 2267 40
343 2194 473 2276 pocula,
489 2195 532 2258 de
547 2195 638 2258 facili
654 2199 906 2279 composuitque
923 2198 1001 2260 luto.

300 2317 367 2360 non
383 2317 447 2378 ego
462 2297 591 2361 divitias
608 2309 739 2381 patrum
756 2300 952 2383 fructusque
971 2301 1102 2383 requiro

343 2421 427 2483 quos
442 2402 516 2465 tulit
532 2401 669 2485 antiquo
685 2404 818 2468 condita
834 2405 951 2468 messis
968 2424 1031 2467 avo
1045 2423 1052 2466 τ
1068 2443 1071 2454 -

300 2525 406 2588 parva
420 2526 518 2589 seges
534 2507 615 2571 satis
631 2518 691 2584 est,
709 2509 789 2572 satis
804 2518 855 2572 est
871 2509 1079 2590 requiescere
1095 2506 1181 2571 lecto

344 2610 372 2673 si
388 2609 465 2674 licet
480 2620 514 2675 et
530 2611 626 2675 solito
643 2611 792 2675 membra
807 2612 918 2675 levare
933 2621 1016 2703 toro.

212 2737 245 2792 45
300 2733 400 2796 quam
414 2715 506 2778 iuvat
521 2714 664 2779 immites
680 2725 798 2779 ventos
816 2715 931 2779 audire
946 2715 1124 2779 cubantem

344 2827 378 2890 et
393 2817 561 2881 dominam
578 2828 693 2882 tenero
710 2819 912 2883 continuisse
928 2819 1002 2882 sinu

301 2931 367 2997 aut,
385 2921 512 3003 gelidas
529 2921 687 2985 hibernus
704 2942 808 3004 aquas
824 2942 899 2985 cum
916 2922 1040 2986 fuderit
1055 2921 1189 2994 Auster,

344 3044 496 3088 securum
514 3045 649 3089 somnos
665 3024 769 3089 imbre
785 3027 919 3090 iuvante
936 3026 1048 3108 sequi!

301 3127 365 3191 hoc
381 3128 461 3192 mihi
477 3131 666 3211 contingat:
691 3130 733 3192 sit
749 3128 842 3192 dives
857 3130 927 3192 iure
944 3129 1089 3193 furorem

216 3255 246 3309 50
343 3230 399 3313 qui
415 3232 514 3296 maris
529 3242 563 3296 et
578 3233 690 3296 tristes
705 3233 794 3296 ferre
810 3242 921 3314 potest
937 3232 1075 3314 pluvias.

301 3354 321 3397 o
337 3345 498 3416 quantum
514 3345 565 3400 est
581 3335 652 3398 auri
669 3345 783 3417 pereat
800 3336 974 3418 potiusque
991 3334 1170 3417 smaragdi,

345 3459 444 3520 quam
461 3439 538 3502 fleat
554 3438 597 3502 ob
613 3449 743 3503 nostras
760 3439 826 3502 ulla
844 3439 953 3521 puella
968 3440 1048 3503 vias,

301 3549 334 3605 te
350 3540 475 3606 bellare
490 3543 586 3607 decet
602 3553 698 3619 terra,
717 3543 886 3619 Messalla,
904 3543 1060 3626 marique,

344 3654 381 3709 ut
396 3646 515 3710 domus
531 3647 668 3711 hostiles
684 3647 852 3730 praeierat
868 3647 1023 3711 exuvias:

739 3759 798 3837 108
