2908 4284
216 303 236 348 ι,
249 302 272 354 5,
283 287 330 354 40]
679 287 849 339 TIBVLLVS

210 486 242 535 40
340 457 513 520 admonuit
529 456 683 519 dominae
700 455 912 535 deseruitque
928 453 1055 517 Venus.

298 571 378 626 tunc
394 580 447 623 me
463 559 639 623 discedens
656 558 813 621 devotum
829 557 954 620 femina
969 556 1059 630 dixit,

341 674 375 729 et
391 665 495 747 pudet
511 672 544 727 et
560 672 673 726 narrat
688 663 773 725 scire
789 660 937 725 nefanda
952 679 1069 723 meam.

298 789 366 832 non
382 767 465 831 facit
479 767 543 831 hoc
559 765 679 841 verbiS,
697 765 783 829 facie
799 763 989 846 tenerisque
1007 760 1137 826 lacertis

342 871 484 935 devovet
499 880 534 934 et
548 870 643 932 flavis
659 877 772 932 nostra
789 868 901 950 puella
916 869 1029 931 comis

212 1002 243 1056 45
298 975 373 1040 talis
389 976 432 1038 ad
450 975 675 1038 Haemonium
695 973 815 1036 Nereis
833 971 932 1035 Pelea
947 975 1116 1054 quondam

341 1088 438 1142 vecta
454 1087 505 1142 est
519 1078 652 1140 frenato
668 1075 800 1139 caerula
817 1076 907 1157 pisce
923 1076 1049 1142 Thetis.

299 1183 382 1247 haec
398 1201 542 1246 nocuere
554 1179 644 1256 mihi,
663 1178 752 1262 quod
771 1178 867 1242 adest
883 1179 960 1243 huic
976 1180 1068 1248 dives
1084 1196 1229 1252 amator:

342 1288 434 1353 venit
448 1288 483 1351 in
499 1286 633 1351 exitium
650 1285 769 1349 callida
785 1286 862 1349 lena
878 1307 998 1351 meum.

300 1393 502 1474 sanguineas
517 1391 596 1454 edat
611 1389 667 1452 illa
684 1389 789 1471 dapes
806 1399 906 1472 atque
922 1411 979 1454 ore
995 1403 1133 1458 cruento

214 1523 244 1578 50
342 1495 448 1560 tristia
463 1513 539 1558 curn
556 1493 659 1555 multo
677 1492 797 1574 pocula
813 1492 892 1556 felle
909 1494 1015 1559 bibat:

287 1601 388 1664 ·hanc
402 1598 542 1662 volitent
557 1597 688 1660 animae
706 1598 830 1660 circum
849 1618 908 1661 sua
924 1599 995 1662 iata
1011 1611 1189 1682 querentes

344 1722 485 1785 semper,
503 1710 537 1766 et
552 1721 571 1765 e
586 1702 683 1764 tectis
701 1702 781 1763 strix
798 1701 942 1765 violenta
958 1714 1073 1768 canat:

299 1794 374 1890 ipsa
389 1807 479 1870 fame
495 1805 686 1870 stimulante
704 1806 820 1868 furens
838 1807 1026 1889 herbasque
1041 1810 1204 1891 sepulcris

344 1919 482 1994 quaerat
493 1918 527 1973 et
541 1929 562 1973 a
578 1909 686 1972 saevis
703 1929 779 1973 ossa
795 1910 909 1974 relicta
926 1910 1023 1993 lupis,

215 2042 244 2097 55
300 2023 410 2079 currat
426 2023 459 2078 et
474 2012 667 2095 inguinibus
682 2013 782 2077 nudis
798 2014 967 2097 ululetque
985 2035 1043 2097 per
1058 2016 1167 2092 urbes,

345 2127 421 2201 post
435 2127 515 2200 agat
531 2137 549 2180 e
565 2116 670 2181 triviis
682 2137 802 2200 aspera
818 2117 916 2181 turba
931 2138 1061 2183 canum.

301 2221 447 2286 eveniet:
463 2221 521 2285 dat
537 2220 634 2302 signa
649 2221 747 2284 deus:
766 2231 843 2284 sunt
858 2221 995 2285 numina
1010 2221 1144 2300 amanti,

342 2325 448 2389 saevit
462 2333 496 2388 et
511 2323 633 2388 iniusta
649 2325 725 2405 lege
741 2323 855 2408 relicta
870 2326 997 2389 Venus.

301 2438 336 2493 at
351 2438 387 2492 tu
404 2448 503 2511 quam
521 2427 663 2510 primum
681 2449 783 2510 sagae
799 2439 978 2511 praecepta
993 2430 1125 2512 rapacis

213 2546 246 2597 60
344 2532 474 2597 desere:
491 2552 569 2595 nam
586 2532 683 2595 donis
700 2532 842 2596 vincitur
860 2532 967 2596 omnis
983 2553 1085 2597 amor.

303 2655 431 2719 pauper
445 2637 508 2700 erit
523 2644 657 2718 praesto
674 2655 805 2718 semper
819 2636 897 2700 tibi:
915 2656 1043 2719 pauper
1059 2634 1162 2700 adibit

346 2741 473 2824 primus
489 2741 571 2804 etin
588 2749 703 2804 tenero
720 2741 804 2803 fixus
820 2741 882 2804 erit
898 2740 1020 2804 latere:

302 2864 432 2928 pauper
445 2846 479 2907 in
496 2854 639 2927 angusto
651 2845 736 2908 fidus
753 2865 864 2908 comes
881 2845 1014 2926 agmine
1030 2845 1147 2910 turbae

346 2947 551 3031 subicietque
569 2969 687 3012 manus
704 2949 891 3032 efficietque
907 2948 1012 3012 viam:

215 3065 247 3131 65
302 3071 431 3134 pauper
446 3053 488 3116 ad
504 3054 652 3117 occultos
668 3055 783 3118 furtim
800 3053 943 3117 deducet
957 3053 1082 3117 amicos

346 3155 521 3240 vinclaque
537 3159 579 3222 de
595 3161 693 3223 niveo
710 3160 864 3224 detrahet
879 3160 952 3242 ipse
967 3158 1062 3240 pede.

303 3260 368 3324 beu
384 3261 534 3325 canimus
549 3264 682 3340 frustra,
699 3284 761 3328 nec
777 3261 888 3327 verbis
903 3264 991 3326 victa
1007 3262 1148 3345 patescit

347 3366 456 3440 ianua,
474 3367 532 3430 sed
549 3368 648 3450 plena
663 3378 714 3433 est
731 3368 947 3450 percutienda
964 3387 1073 3430 manu.

305 3479 338 3534 at
353 3482 388 3535 tu
405 3473 462 3554 qui
477 3475 585 3555 potior
601 3494 689 3538 nunc
706 3494 751 3549 es,
769 3493 843 3536 mea
858 3473 929 3536 iata
944 3472 1073 3535 timeto:

99 3620 101 3625 -
217 3600 249 3649 70
347 3585 497 3640 versatur
512 3577 611 3641 celeri
628 3578 712 3641 Fors
728 3576 811 3640 levis
826 3575 906 3640 orbe
921 3586 1023 3640 rotae.

304 3700 371 3742 non
386 3680 511 3744 frustra
527 3680 659 3762 quidam
677 3681 741 3744 iam
758 3700 848 3744 nunc
864 3679 898 3742 in
914 3679 1027 3742 limine
1043 3687 1171 3762 perstat

735 3801 796 3849 120
