2908 4284
537 273 642 323 mrsu
663 273 811 322 rsurrvs
1110 262 1228 331 [som

214 436 282 501 iam
299 439 375 502 Nox
389 439 573 502 aetherium
590 436 694 520 nigris
711 456 848 502 emensa
865 436 1036 520 quadrigis

259 541 419 605 mundum
436 541 589 607 caeruleo
604 541 730 605 laverat
746 561 845 605 amne
861 550 960 618 rotas,

215 663 279 708 nec
295 664 348 707 me
364 644 509 726 sopierat
525 645 629 708 menti
645 645 728 708 deus
745 643 835 708 utilis
851 663 992 727 aegrae:

121 775 156 811 κο
260 748 404 812 Somnus
420 747 577 814 sollicitas
593 747 705 812 deficit
724 757 802 812 ante
817 748 943 813 domos.

215 852 361 925 tandem,
379 871 454 915 cum
470 870 601 915 summo
619 852 774 916 Phoebus
790 853 962 936 prospexit
976 853 1018 916 ab
1034 861 1119 930 ortu,

261 955 381 1037 pressit
397 955 586 1038 languentis
603 939 730 1018 lumina
744 976 818 1020 sera
833 957 935 1040 quies.

216 1059 271 1122 hic
285 1058 414 1122 iuvenis
429 1068 521 1122 casta
536 1059 709 1123 redimitus
723 1070 875 1142 tempora
890 1060 984 1124 lauro

260 1172 312 1226 est
326 1164 417 1225 visus
433 1172 547 1226 nostra
562 1183 689 1246 ponere
705 1165 784 1228 sede
800 1164 931 1246 pedem.

125 1292 157 1347 ²5
215 1287 284 1330 non
298 1265 354 1330 illo
370 1266 547 1350 quicquam
565 1267 746 1331 formosius
762 1269 829 1331 ulla
844 1267 990 1350 priorum

261 1379 362 1446 aetas,
379 1371 561 1434 humanum
579 1391 641 1435 nec
658 1371 750 1435 videt
765 1371 845 1434 illud
862 1379 955 1453 opus

216 1474 340 1537 intonsi
355 1474 463 1538 crines
479 1475 580 1556 longa
598 1475 727 1539 cervice
743 1457 900 1552 fluebant,

261 1577 407 1642 stillabat
423 1578 520 1663 Syrio
536 1589 665 1663 myrtea
680 1599 754 1642 rore
769 1598 873 1642 coma.

217 1681 341 1745 candor
356 1665 428 1745 erat
443 1683 576 1764 qualem
593 1684 743 1765 praefert
760 1682 902 1747 Latonia
921 1682 1029 1759 Luna,

125 1812 159 1863 30
259 1794 292 1848 et
307 1785 398 1849 color
413 1785 448 1848 in
464 1788 560 1851 niveo
576 1807 716 1868 corpore
731 1805 927 1868 purpureus

217 1898 254 1951 ut
268 1889 380 1952 iuveni
394 1890 540 1971 primum
555 1889 651 1972 virgo
666 1889 810 1954 deducta
826 1890 943 1954 marito

260 1991 403 2057 inficitur
418 2004 551 2057 teneras
566 2014 623 2058 ore
639 1994 779 2057 rubente
795 2013 909 2076 genas,

216 2104 251 2158 et
267 2115 341 2158 cum
358 2106 539 2161 contexunt
554 2097 735 2160 amarantis
750 2097 826 2160 alba
841 2097 972 2180 puellae

261 2198 327 2262 lilia
342 2207 376 2264 et
391 2209 552 2265 autumno
569 2200 711 2265 candida
726 2201 814 2263 mala
828 2200 957 2265 rubent.

125 2326 159 2380 ³5
215 2301 283 2365 ima
296 2303 472 2368 videbatur
486 2305 563 2368 talis
579 2304 729 2368 inludere
746 2303 851 2385 palla:

260 2426 404 2488 namque
420 2407 503 2471 haec
519 2407 553 2471 in
570 2407 674 2471 nitido
691 2427 830 2488 corpore
843 2407 947 2471 vestis
961 2417 1041 2472 erat.

216 2510 296 2572 artis
313 2530 398 2591 opus
412 2530 517 2587 rarae,
534 2511 670 2593 fulgens
687 2511 854 2574 testudine
870 2519 904 2574 et
919 2531 1000 2576 auro

261 2613 430 2694 pendebat
444 2613 539 2678 laeva
554 2593 688 2695 garrula
703 2624 798 2695 parte
814 2615 894 2699 lyra.

217 2716 304 2779 hanc
321 2718 464 2798 primum
479 2717 617 2780 veniens
634 2718 761 2799 plectro
778 2716 966 2781 modulatus
982 2718 1110 2782 eburno

126 2846 161 2895 40
259 2819 375 2884 lelices
390 2831 508 2884 cantus
525 2841 581 2885 ore
598 2831 738 2884 sonante
755 2821 867 2884 dedit:

218 2923 277 2986 sed
293 2934 469 3006 postquam
486 2925 621 2988 fuerant
637 2925 733 3006 digiti
750 2945 825 2987 cum
840 2943 922 2988 voce
939 2923 1048 3000 locuti,

261 3026 363 3090 edidit
378 3027 460 3090 haec
477 3027 566 3090 dulci
581 3029 690 3091 tristia
704 3028 807 3092 verba
823 3028 939 3091 modo:

219 3130 334 3205 ‘salve
352 3150 430 3194 cura
446 3131 562 3195 deum:
585 3142 678 3195 casto
694 3152 772 3194 nam
789 3132 851 3195 rite
868 3141 986 3213 poetae

263 3233 482 3316 Phoebusque
498 3244 532 3298 et
549 3235 701 3298 Bacchus
718 3235 930 3317 Pieridesque
945 3235 1076 3299 lavent:

127 3359 159 3414 45
201 3329 276 3399 'sed
292 3337 403 3418 proles
421 3337 569 3402 Semeles
588 3339 741 3403 Bacchus
757 3339 941 3420 doctaeque
957 3357 1086 3401 sorores

260 3438 370 3503 dicere
386 3460 452 3506 non
468 3452 590 3506 norunt
606 3442 685 3524 quid
701 3443 789 3506 ferat
804 3442 886 3504 hora
902 3459 1064 3523 sequens:

217 3550 253 3606 at
268 3542 347 3605 mihi
362 3544 508 3606 fatorum
525 3545 619 3627 leges
634 3545 775 3628 aevique
790 3544 896 3608 futuri

261 3656 421 3710 eventura
436 3657 531 3729 pater
548 3669 647 3730 posse
662 3649 777 3713 videre
792 3648 894 3713 dedit.

658 3767 716 3840 1⁵3
