2908 4284
530 299 635 348 ursan
656 299 805 350 rannvs
1106 291 1144 357 [a
1156 307 1179 357 3,
1192 308 1221 363 25

204 462 266 526 sed
281 462 409 526 tristem
424 463 542 527 mortis
557 463 766 528 demonstret
782 463 892 528 littera
908 484 1043 529 causam

249 576 350 647 atque
367 567 448 629 haec
464 566 498 628 in
515 567 637 630 celebri
654 569 801 630 carmina
818 569 930 632 fronte
944 578 1058 633 notet:

205 668 421 752 ‘Lygdamus
437 669 491 732 hic
507 670 590 732 situs
608 680 679 733 est:
703 670 797 734 dolor
820 671 897 734 huic
911 681 946 737 et
962 692 1041 737 cura
1058 674 1220 752 Neaerae,

251 772 403 855 coniugis
419 782 565 855 ereptae,
582 793 683 837 causa
699 775 808 857 perire
823 775 907 840 tuit!

623 1041 649 1133 3

204 1196 295 1278 Quid
312 1198 449 1279 prodest
464 1199 591 1263 caelum
608 1201 694 1264 votis
710 1201 877 1282 implesse,
896 1202 1037 1280 Neaera,

247 1299 437 1383 blandaque
453 1322 528 1366 cum
546 1304 650 1367 multa
665 1314 741 1368 tura
758 1305 889 1368 dedisse
904 1324 1014 1386 prece,

202 1424 270 1468 non
286 1414 323 1468 ut
338 1405 514 1470 marmorei
530 1407 697 1488 prodirem
714 1428 733 1471 e
750 1408 863 1472 limine
878 1408 966 1485 tecti,

246 1507 388 1590 insignis
403 1509 492 1571 clara
507 1512 773 1593 conspicuusque
790 1512 899 1587 domo,

204 1622 262 1675 aut
278 1621 314 1675 ut
330 1612 434 1675 multa
449 1613 515 1676 mei
531 1625 729 1678 renovarent
744 1616 859 1697 iugera
874 1616 960 1678 tauri

247 1727 282 1781 et
298 1737 437 1798 magnas
454 1739 579 1783 messes
596 1728 685 1782 terra
699 1719 846 1800 benigna
862 1719 964 1794 daret,

202 1820 262 1908 sed
279 1830 390 1884 tecum
406 1832 442 1885 ut
458 1823 578 1904 longae
595 1821 754 1886 sociarem
775 1821 896 1904 gaudia
911 1821 1000 1886 vitae

247 1923 347 2007 inque
364 1933 421 1989 tuo
437 1926 573 1989 caderet
589 1936 702 1990 nostra
718 1935 855 1989 senecta
870 1926 953 2000 sinu,

201 2037 274 2092 tum
290 2049 366 2092 curn
383 2050 560 2111 permenso
578 2030 757 2093 defunctus
772 2037 923 2110 tempore
939 2028 1022 2092 lucis

246 2134 355 2196 nudus
374 2134 523 2197 Lethaea
539 2152 676 2215 cogerer
691 2134 739 2195 ire
755 2131 849 2196 rate?

201 2256 282 2299 nam
297 2257 399 2318 grave
415 2236 494 2319 quid
512 2237 648 2319 prodest
665 2236 796 2318 pondus
811 2235 893 2297 mihi
909 2234 1019 2298 divitis
1034 2233 1116 2314 auri,

246 2361 391 2423 arvaque
408 2341 435 2405 si
452 2341 581 2404 findant
596 2339 735 2422 pinguia
750 2338 839 2401 mille
853 2336 980 2401 boves?

202 2443 325 2526 quidve
340 2445 458 2508 domus
474 2445 609 2526 prodest
628 2443 781 2528 Phrygiis
797 2441 909 2504 innixa
925 2441 1097 2520 columnis,

246 2548 398 2612 Taenare
414 2548 483 2613 sive
498 2549 575 2623 tuis,
592 2549 661 2610 sive
678 2548 819 2630 Caryste
834 2544 908 2621 tuis,

200 2660 236 2715 et
252 2671 387 2716 nemora
402 2653 437 2715 in
453 2650 606 2715 domibus
621 2670 734 2714 sacros
749 2649 911 2712 imitantia
928 2648 1021 2712 lucos

246 2765 447 2838 aurataeque
463 2755 575 2819 trabes
592 2771 879 2835 marmoreumque
896 2751 1026 2814 solum?

201 2858 324 2940 quidve
339 2860 372 2920 in
390 2859 577 2943 Erythraeo
594 2858 714 2939 legitur
730 2875 816 2938 quae
831 2854 925 2918 litore
942 2855 1072 2918 concha

245 2961 414 3044 tinctaque
432 2963 569 3026 Sidonio
584 2963 709 3024 murice
726 2961 802 3022 lana
817 2960 919 3032 iuvat,

201 3075 236 3129 et
252 3085 336 3146 quae
353 3075 525 3146 praeterea
541 3066 684 3146 populus
701 3062 859 3126 miratur?
882 3063 915 3123 in
932 3060 997 3125 illis

244 3169 368 3231 invidia
383 3178 451 3232 est:
475 3169 561 3230 falso
579 3168 719 3248 plurima
735 3167 856 3248 vulgus
872 3175 971 3229 amat.

200 3291 268 3335 non
284 3272 402 3354 opibus
420 3281 548 3336 mentes
563 3271 734 3334 hominum
751 3289 915 3352 curaeque
932 3269 1104 3332 levantur:

245 3396 322 3438 nam
338 3376 472 3439 fortuna
488 3394 548 3437 sua
562 3384 714 3455 tempora
730 3373 803 3455 lege
820 3373 913 3454 regit.

201 3478 245 3542 sit
260 3478 341 3540 mihi
357 3488 536 3559 paupertas
552 3487 663 3540 tecum
679 3477 833 3552 iucunda,
852 3478 1004 3540 Neaera:

245 3591 280 3644 at
295 3581 366 3645 sine
382 3591 415 3644 te
431 3601 547 3662 regum
564 3601 702 3644 munera
718 3581 809 3643 nulla
824 3580 909 3643 volo,

110 3712 142 3764 ²5
201 3705 220 3748 o
238 3685 368 3749 niveam
386 3704 471 3766 quae
487 3694 520 3748 te
536 3683 658 3766 poterit
673 3682 753 3745 mihi
770 3683 909 3747 reddere
926 3683 1051 3748 luceml

640 3811 695 3881 151
