2886 4278
684 283 853 333 TIBVLLVS

390 445 506 504 languida
516 446 644 504 consurgit,
655 459 700 492 nec
710 446 754 491 scit
765 460 808 492 cur
819 445 932 504 languida
942 453 1029 504 surgat,

420 527 443 564 et
452 521 543 579 peragit
557 522 610 566 talis
620 522 706 566 arbore
716 521 774 565 nixa
784 534 872 567 sonos:

391 595 461 640 ‘utile
471 596 501 640 sit
511 595 671 652 faustumque,
683 609 775 652 precor,
786 596 854 653 quod
865 596 969 652 imagine
979 595 1059 640 somni

419 670 531 716 vidimus.
560 683 592 714 an
602 683 690 714 somno
701 669 788 715 clarius
798 670 858 715 illud
869 671 932 714 erat?

391 743 486 802 ignibus
497 744 579 789 Iliacis
588 744 696 797 aderam,
707 757 762 789 cum
773 745 842 802 lapsa
853 744 945 802 capillis

421 810 576 863 decidit'ante
586 831 668 863 sacros
679 819 750 864 lanea
760 819 818 863 vitta
828 820 903 865 locos.

392 893 448 938 inde
458 894 521 938 duae
531 893 626 950 pariter,
636 893 689 938 visu
700 893 815 946 mirabile,
827 895 922 952 palmae

420 975 527 1026 surgunt.
557 982 586 1012 ex
595 968 641 1013 illis
652 969 726 1012 altera
736 967 814 1013 maior
824 973 881 1022 erat,

392 1049 415 1086 et
423 1043 535 1100 gravibus
545 1043 618 1088 ramis
628 1049 705 1088 totum
716 1048 851 1100 protexerat
861 1042 952 1096 orbern,

421 1118 600 1175 contigeratque
608 1130 653 1162 sua
663 1117 742 1162 sidera
751 1129 848 1162 summa
859 1130 937 1164 corna.

391 1205 447 1238 ecce
459 1205 526 1237 meus
537 1193 624 1237 sermm
635 1199 733 1250 patruus
744 1191 841 1237 molitur
850 1191 875 1236 in
885 1191 950 1238 illas:

420 1273 508 1311 terreor
517 1267 651 1320 admonitu,
663 1279 752 1324 corque
762 1266 848 1311 timore
859 1266 938 1312 micat.

392 1341 488 1393 Martia,
498 1341 574 1398 picus,
584 1342 635 1385 avis
645 1341 743 1398 gemino
753 1353 797 1397 pro
808 1339 886 1398 stipite
896 1346 1004 1398 pugnant

420 1421 444 1460 et
454 1416 517 1473 lupa.
547 1422 597 1460 tuta
606 1428 649 1473 per
660 1416 705 1460 hos
715 1422 817 1472 utraque
828 1416 909 1472 palma
918 1415 975 1461 tuit’

392 1489 490 1543 dixerat,
501 1496 523 1534 et
533 1490 630 1547 plenam
640 1502 691 1534 non
701 1489 775 1534 firmis
786 1488 876 1534 viribus
890 1502 975 1534 umam

421 1565 522 1610 sustulit.
552 1564 661 1622 implerat
673 1565 731 1609 dum
743 1577 788 1608 sua
797 1563 849 1607 visa
860 1563 936 1616 refert,
946 1570 991 1610 etc.

252 1665 332 1724 Here,
345 1671 396 1724 too,
407 1664 498 1713 should
509 1664 541 1713 be
554 1666 648 1729 quoted
661 1664 704 1713 the
723 1663 784 1726 frag.
800 1662 885 1727 (Anu.
898 1675 927 1728 35
941 1664 985 1728 V.)
1000 1664 1064 1712 from
1078 1665 1217 1714 Ennius-

392 1771 423 1816 Et
432 1771 480 1817 cita
490 1785 546 1816 cum
558 1771 664 1817 tremulis
675 1784 736 1815 anus
747 1771 823 1815 attulit
833 1771 933 1816 artubus
943 1771 1032 1815 lumen.

391 1846 447 1890 talia
457 1853 508 1890 tum
519 1852 637 1890 memorat
647 1845 775 1905 lacrimans
786 1844 895 1888 exterrita
905 1857 1005 1890 somno:

392 1919 520 1965 ‘Euridica
531 1927 655 1978 prognata,
666 1925 734 1977 pater
745 1932 818 1976 quam
827 1925 909 1962 noster
918 1919 1013 1970 amavit¹

391 1994 453 2040 vires
463 1995 558 2052 vitaque
569 2007 657 2052 corpus
668 2006 749 2038 meum
761 2006 825 2037 nunc
837 1993 923 2037 deserit
933 2004 1013 2040 omne.

389 2082 449 2130 ¹nam
459 2082 499 2113 me
509 2069 574 2113 vlsus
585 2069 660 2113 homo
670 2069 772 2125 pulcher
781 2080 824 2124 per
834 2079 939 2112 amoena
949 2067 1032 2112 salicta

392 2150 416 2188 et
425 2143 489 2201 ripas
499 2149 592 2200 raptare
604 2144 719 2200 locosque
730 2155 819 2186 novos:
837 2141 869 2186 ita
879 2142 931 2186 sola

392 2218 494 2276 postilla,
504 2230 620 2274 germana
629 2230 704 2271 soror.
716 2232 796 2264 errare
806 2219 906 2265 videbar

391 2293 509 2350 tardaque
519 2292 635 2349 vestigare
646 2299 669 2336 et
679 2306 795 2350 quaerere
805 2300 828 2338 te
840 2307 918 2351 neque
927 2306 1000 2351 posse

392 2368 464 2412 corde
475 2379 612 2423 capessere:
629 2367 716 2412 semita
725 2368 792 2412 nulla
801 2369 889 2426 pedem
900 2368 1028 2414 stabilibat.

391 2441 455 2486 exim
465 2441 609 2498 compellare
619 2448 687 2498 pater
697 2455 736 2486 me
747 2455 806 2487 voce
816 2442 910 2488 videtur

391 2514 430 2561 his
438 2515 530 2561 verbis:
549 2519 562 2538 “
571 2529 587 2560 0
596 2521 676 2573 gnata,
688 2516 729 2561 tibi
740 2522 860 2561 sunt‘ante
870 2516 991 2574 gerendae

392 2603 530 2643 aerumnae,
541 2596 595 2647 post
605 2604 634 2634 ex
644 2590 718 2635 fluvio
728 2590 823 2636 fortuna
833 2589 948 2636 resistet.”

391 2664 452 2710 haec
462 2663 547 2709 effatus
557 2670 630 2722 pater,
641 2677 763 2721 germana,
775 2670 873 2722 repente
883 2666 981 2711 recessit

391 2752 437 2784 nec
447 2751 500 2783 sese
508 2739 574 2783 dedit
584 2739 609 2782 in
621 2746 778 2796 conspectum
789 2739 863 2784 corde
873 2739 975 2797 cupitus,

392 2826 540 2871 quamquam
551 2814 626 2857 multa
636 2826 723 2858 manus
733 2814 766 2858 ad
779 2814 838 2857 caeli
850 2815 947 2859 caerula
957 2814 1047 2871 templa

391 2889 520 2932 tendebam
531 2888 666 2932 lacrumans
677 2893 700 2931 et
709 2887 800 2932 blanda
810 2900 870 2932 voce
880 2889 1006 2935 vocabam.

391 2962 429 3007 vix
439 2975 512 3019 aegro
522 2975 577 3006 cum
589 2963 662 3006 corde
673 2975 728 3007 meo
739 2975 778 3006 me
789 2974 889 3007 somnus
899 2961 1008 3019 reliquit)

250 3081 306 3132 The
324 3080 431 3130 relation
448 3080 564 3129 between
581 3079 653 3129 these
670 3086 721 3129 two
738 3086 859 3128 accounts
876 3080 898 3128 is
914 3087 959 3129 not
977 3086 1002 3128 at
1021 3079 1054 3128 all
1071 3078 1146 3128 clear.
1184 3079 1209 3128 It
1222 3079 1329 3143 may'be

218 3164 296 3214 noted
314 3164 430 3212 however
447 3162 502 3211 that
519 3162 642 3221 Tibullus,
653 3178 680 3211 as
697 3178 712 3210 a
729 3161 925 3226 representative
942 3162 972 3211 of
985 3163 1030 3211 the'
1047 3161 1227 3210 conventional
1246 3163 1329 3211 erotic

219 3247 298 3309 elegy‚
310 3245 394 3294 would
405 3246 470 3293 have
480 3244 597 3294 followed
611 3244 702 3307 closely
713 3244 740 3292 in
753 3246 796 3294 the
808 3244 931 3308 tootsteps
944 3244 973 3292 of
989 3244 1055 3294 Ovid
1068 3243 1089 3292 il
1098 3243 1131 3292 he
1143 3243 1195 3292 had
1209 3244 1264 3293 told
1275 3244 1328 3293 this

218 3335 286 3393 story
297 3329 325 3376 in
337 3328 423 3376 detail.
456 3327 511 3375 The
528 3327 596 3376 main
614 3327 707 3376 motive
726 3326 755 3374 of
768 3325 811 3375 the
829 3326 938 3375 Ovidian
956 3333 1063 3376 account
1079 3325 1217 3391 (violation
1233 3328 1330 3391 during

217 3407 341 3474 slhmber)
361 3411 381 3458 is
399 3425 451 3474 esp.
470 3409 655 3458 characteristic
673 3416 717 3458 not
731 3409 794 3473 ‘only
812 3409 841 3456 ol
862 3408 1012 3458 Hellenistic
1031 3409 1155 3458 narrative
1172 3417 1264 3474 poetry
1285 3409 1329 3474 (as

218 3494 316 3543 echoed
329 3509 369 3557 eg.
382 3493 408 3540 in
416 3492 548 3555 Nonnos),
560 3492 606 3540 but
618 3492 671 3540 also
684 3491 713 3539 ol
723 3490 876 3540 Hellenistic
889 3499 934 3540 art.

251 3588 291 3637 53.
317 3573 428 3625 furtim:
454 3574 566 3637 qualilies
578 3574 728 3631 concubitus,
741 3589 778 3637 cp.
796 3586 816 3631 t,
829 3586 852 3635 3,
866 3585 897 3638 50
909 3590 934 3624 n.

252 3670 291 3719 54.
315 3655 404 3719 ripas:
424 3655 536 3712 ‘banks‚'
546 3655 626 3718 plural
640 3655 678 3703 lor
687 3655 807 3717 singular,
815 3671 843 3703 as
851 3655 921 3704 ot'ten
931 3657 956 3703 in
967 3656 1204 3720 English-arma
1213 3657 1326 3710 relicta:

741 3783 806 3859 460
