2908 4284
507 262 611 314 LIBER
634 267 813 316 SECVNDVS
881 261 882 266 ’

109 454 139 508 ²5
197 438 359 491 eventura
375 448 510 509 precor:
534 430 632 494 viden
651 442 687 495 ut
704 431 856 495 felicibus
872 429 957 493 extis

244 529 408 612 significet
424 532 572 613 placidos
588 535 706 597 nuntia
721 534 804 597 fibra
819 533 919 597 deos?

200 655 290 699 nunc
307 634 386 697 mihi
402 635 552 700 lumosos
567 639 688 701 veteris
704 638 853 719 proferte
871 617 1032 700 Falernos

246 739 390 802 consulis
406 749 440 802 et
456 739 540 804 Chio
556 741 674 805 solvite
690 741 798 805 vincla
813 741 907 804 cado.

196 841 276 905 vina
291 841 378 906 diem
393 843 580 908 celebrent:
604 865 671 908 non
688 845 777 908 festa
792 844 865 907 luce
882 843 1016 906 madere

109 973 143 1025 30
244 955 296 1009 est
311 945 419 1022 rubor,
436 956 585 1012 errantes
601 957 635 1011 et
651 948 737 1011 male
753 948 841 1011 ferre
858 947 970 1028 pedes.

202 1049 261 1113 sed
279 1049 382 1113 ‘bene
399 1051 610 1115 Messallam’
630 1072 690 1115 sua
706 1051 846 1135 quisque
862 1051 905 1113 ad
921 1051 1041 1131 pocula
1057 1049 1153 1123 dicat,

246 1173 366 1216 nomen
383 1162 416 1216 et
431 1153 579 1218 absentis
595 1155 726 1236 singula
741 1155 843 1218 verba
859 1163 987 1218 sonent.

202 1255 312 1338 gentis
328 1256 518 1340 Aquitanae
534 1258 665 1322 celeber
682 1259 840 1323 Messalla
855 1255 1032 1338 triumphis

246 1370 281 1423 et
297 1379 418 1442 magna
432 1362 573 1425 intonsis
590 1362 697 1444 gloria
711 1363 816 1426 victor
832 1363 912 1436 avis,

111 1489 144 1544 35
202 1465 268 1527 huc
282 1464 363 1527 ades
378 1464 555 1548 aspiraque
568 1465 659 1541 mihi,
677 1467 755 1529 dum
772 1466 918 1529 carmine
935 1473 1048 1527 nostro

247 1567 395 1632 redditur
410 1569 564 1650 agricolis
579 1572 687 1652 gratia
702 1571 883 1633 caelitibus.

203 1691 281 1735 rura
295 1691 380 1735 cano
396 1672 547 1756 rurisque
561 1675 651 1736 deos.
699 1675 751 1736 his
766 1673 834 1737 vita
850 1671 1016 1755 magistris

247 1779 398 1843 desuevit
412 1801 539 1862 querna
555 1782 678 1864 pellere
694 1781 817 1863 glande
833 1781 976 1844 laniem:

203 1881 251 1945 illi
265 1883 456 1966 compositis
472 1885 615 1966 primum
631 1886 773 1949 docuere
789 1884 903 1966 tigillis

112 2014 146 2062 40
246 1986 400 2069 exiguam
415 1990 512 2052 viridi
528 1989 646 2054 fronde
662 1990 792 2071 operire
807 1989 961 2052 domum:

203 2090 251 2153 illi
267 2093 366 2154 etiam
381 2101 494 2156 tauros
510 2093 607 2174 primi
623 2093 774 2157 docuisse
791 2093 942 2155 feruntur

249 2199 416 2262 servitium
434 2208 468 2263 et
482 2200 631 2280 plaustro
648 2201 865 2281 supposuisse
882 2206 995 2264 rotam.

205 2310 276 2364 tum
291 2302 399 2365 victus
414 2302 524 2366 abiere
542 2303 613 2375 ieri,
631 2312 701 2366 tum
718 2303 845 2366 consita
861 2320 990 2382 pomus,

249 2414 319 2467 turn
335 2404 418 2469 bibit
432 2406 573 2488 irriguas
589 2406 709 2470 fertilis
725 2406 840 2468 hortus
857 2423 970 2486 aquas,

112 2535 146 2590 45
204 2530 306 2574 aurea
320 2521 389 2575 tum
407 2533 540 2594 pressos
557 2512 696 2594 pedibus
712 2512 803 2574 dedit
818 2529 883 2572 uva
899 2508 1044 2590 liquores

250 2615 418 2703 mixtaque
434 2635 551 2679 securo
567 2626 617 2679 est
634 2615 743 2678 sobria
760 2613 897 2698 lympha
912 2630 1012 2674 mero.

206 2736 282 2780 rura
298 2718 412 2780 ferunt
428 2739 562 2794 messes,
581 2718 678 2782 calidi
695 2738 768 2782 cum
787 2716 903 2780 sideris
919 2723 1014 2777 aestu

250 2821 388 2902 deponit
403 2821 505 2885 flavas
522 2842 633 2885 annua
649 2831 737 2885 terra
753 2840 874 2884 comas.

174 2979 180 2990 .
206 2942 283 2986 rure
298 2924 379 2987 levis
396 2944 498 2989 verno
513 2925 611 2988 flores
627 2924 699 3006 apis
715 2923 837 3005 ingerit
852 2922 956 2997 alveo,

250 3028 415 3108 compleat
430 3038 467 3091 ut
482 3027 570 3091 dulci
586 3028 702 3090 sedula
717 3027 814 3090 melle
830 3026 935 3088 favos.

208 3129 354 3211 agricola
369 3131 508 3195 adsiduo
526 3130 666 3217 primum
684 3131 822 3194 satiatus
838 3137 947 3191 aratro

252 3234 397 3297 cantavit
413 3243 504 3298 certo
519 3233 642 3297 rustica
656 3233 759 3296 verba
775 3232 861 3314 pede

127 3374 130 3380 ·
208 3344 242 3399 et
253 3345 346 3399 satur
360 3338 467 3401 arenti
483 3339 625 3418 primum
642 3346 693 3399 est
709 3336 897 3399 modulatus
913 3351 1019 3396 avena

252 3459 397 3515 carmen,
413 3449 449 3504 ut
465 3450 599 3504 ornatos
615 3440 740 3504 diceret
754 3449 832 3502 ante
848 3437 938 3508 deos,

118 3569 150 3624 55
212 3543 357 3624 agricola
373 3552 407 3607 et
422 3543 523 3606 minio
539 3543 697 3618 suffusus,
716 3542 857 3616 Bacche,
874 3537 1007 3602 rubenti

254 3648 381 3728 primus
396 3646 567 3728 inexperta
583 3646 675 3709 duxit
691 3646 733 3709 ab
750 3655 820 3708 arte
836 3644 965 3707 choros.

641 3769 697 3834 135
