2908 4284
559 250 663 299 manu
687 251 818 302 purmvs
1121 246 1238 314 [Μ

269 413 405 476 sedulus
420 433 459 476 ac
476 413 591 477 crebro
607 416 766 497 prospicit
780 437 820 480 ac
836 419 961 500 refugit

223 525 260 578 et
275 515 408 580 simulat
423 519 563 581 transire
579 517 725 594 domum,
742 539 819 583 mox
833 521 954 585 deinde
970 525 1108 587 recurrit

269 619 360 683 solus
376 630 409 684 et
425 630 503 683 ante
518 623 608 703 ipsas
626 633 777 687 exscreat
793 645 900 706 usque
915 626 1015 690 fores,

130 748 164 803 75
222 723 337 788 nescio
354 723 432 806 quid
450 724 593 788 furtivus
609 745 702 789 amor
718 737 822 810 parat.
869 737 963 793 utere
978 749 1112 812 quaeso,

269 826 349 890 dum
366 827 457 892 licet:
474 828 508 891 in
525 829 651 912 liquida
666 839 725 894 nat
740 831 800 896 tibi
816 831 914 896 linter
929 852 1025 916 aqua.

692 1077 722 1170 6

225 1250 377 1336 Semper,
394 1262 431 1317 ut
446 1254 594 1330 inducar,
612 1253 754 1319 blandos
770 1257 873 1321 offers
889 1256 971 1320 mihi
983 1257 1106 1336 vultus,

269 1366 346 1438 post
361 1367 473 1421 tamen
490 1376 527 1421 es
543 1358 664 1422 misero
680 1359 784 1422 tristis
800 1369 834 1424 et
850 1379 957 1443 asper,
976 1360 1092 1424 Amor.

225 1459 305 1543 quid
321 1459 381 1524 tibi
398 1460 556 1524 saevitiae
572 1481 702 1525 mecum
718 1463 789 1527 est?
805 1483 847 1526 an
864 1463 970 1546 gloria
986 1484 1110 1546 magna
1124 1474 1176 1530 est

269 1563 406 1627 insidias
422 1563 549 1627 homini
564 1565 792 1647 composuisse
807 1566 927 1630 deum?

229 1686 308 1730 nam
324 1667 405 1729 mihi
421 1667 604 1749 tenduntur
620 1688 748 1733 casses:
765 1669 830 1733 iam
849 1670 946 1734 Delia
962 1671 1077 1735 furtim

269 1772 493 1854 nescioquem
511 1773 612 1836 tacita
628 1772 746 1836 callida
761 1783 859 1838 nocte
875 1774 975 1838 fovet.

224 1874 281 1938 illa
296 1875 430 1958 quidem
446 1885 515 1939 tam
533 1876 638 1939 multa
655 1887 766 1958 negat,
784 1877 843 1941 sed
859 1878 994 1942 credere
1009 1878 1130 1942 durum
1146 1889 1213 1944 est:

269 1979 316 2043 sic
329 1979 431 2044 'etiam
448 1981 490 2044 de
506 2001 560 2045 me
578 1990 742 2063 pernegat
758 2001 863 2064 usque
879 1981 958 2045 viro.

224 2084 297 2166 ipse
313 2083 413 2148 miser
428 2084 528 2149 docui
545 2105 612 2166 quo
629 2093 744 2166 posset
760 2085 874 2148 ludere
890 2095 989 2168 pacto

267 2188 438 2252 custodes:
455 2189 599 2252 heuheu
616 2207 707 2250 nunc
723 2207 854 2269 premor
869 2198 941 2253 arte
956 2208 1040 2253 mea.

197 2341 200 2346 .
224 2291 351 2372 fingere
366 2301 446 2356 tunc
461 2291 576 2357 didicit
590 2312 718 2368 causas,
735 2301 771 2356 ut
787 2292 858 2356 sola
873 2291 1019 2368 cubaret,

268 2383 403 2461 cardine
418 2406 498 2460 tunc
514 2398 616 2461 tacito
631 2406 761 2460 vertere
778 2415 876 2478 posse
893 2396 998 2459 fores:

222 2506 303 2562 tunc
319 2519 418 2570 sucos
434 2500 620 2583 herbasque
639 2500 725 2575 dedi,
743 2499 817 2582 quis
833 2499 919 2562 livor
933 2499 1039 2562 abiret

268 2623 366 2685 quem
382 2604 464 2669 lacit
480 2605 643 2688 impresso
662 2613 777 2667 mutua
793 2604 892 2666 dente
908 2603 1034 2666 Venus.

221 2716 257 2771 at
272 2717 318 2784 tu,
335 2709 464 2772 fallacis
480 2709 625 2773 coniunx
640 2711 773 2771 incaute
791 2706 931 2789 puellae,

261 2831 315 2875 me
331 2832 464 2895 quoque
480 2822 620 2888 servat0,
640 2821 757 2894 peccet
772 2821 809 2874 ut
823 2810 879 2873 illa
894 2808 985 2872 nihil.

222 2934 288 2979 neu
304 2915 440 2981 iuvenes
456 2916 602 2981 celebret
619 2916 722 2979 multo
740 2933 892 2979 sermone
909 2921 1025 2977 caveto

267 3039 351 3083 neve
363 3021 463 3084 cubet
479 3021 552 3083 laxo
569 3029 685 3102 pectus
702 3028 819 3101 aperta
835 3017 918 3092 sinu,

221 3142 289 3187 neu
304 3132 338 3187 te
353 3124 498 3206 decipiat
513 3133 605 3198 nutu,
623 3123 793 3206 digitoque
809 3122 971 3204 liquorem

265 3246 308 3290 ne
323 3229 434 3291 trahat
449 3237 483 3291 et
498 3247 633 3292 mensae
649 3226 750 3290 ducat
764 3228 797 3289 in
815 3225 894 3289 orbe
910 3233 1017 3288 notas.

221 3329 324 3397 exibit
339 3351 437 3412 quam
456 3350 568 3413 saepe,
584 3331 674 3405 time,
692 3350 751 3394 seu
766 3329 978 3393 viseredicet
1070 3415 1072 3418 Ι

266 3454 359 3498 sacra
374 3435 483 3499 bonae
499 3435 646 3498 maribus
662 3455 729 3498 non
746 3434 898 3497 adeunda
914 3433 1006 3496 deae.

221 3546 256 3600 at
272 3537 353 3600 mihi
369 3539 396 3601 si
412 3539 538 3614 credas,
555 3538 645 3602 illam
662 3557 783 3620 sequar
798 3557 884 3600 unus
901 3536 942 3600 ad
958 3555 1052 3599 aras:

265 3650 345 3705 tunc
361 3643 442 3704 mihi
458 3662 525 3705 non
542 3641 645 3705 oculis
661 3643 705 3704 sit
719 3640 868 3705 timuisse
883 3641 975 3704 meis.

654 3769 709 3815 121
