2908 4284
526 305 632 357 Linea
653 309 814 372 Qvnnrvs

208 469 329 532 horrea
344 470 509 534 fecundas
524 471 566 534 ad
584 456 772 538 deficientia
788 476 916 550 messis,

207 574 328 655 cuique
345 593 448 655 pecus
464 574 568 638 denso
586 578 768 657 pascebant
784 581 918 660 agmine
935 577 1047 654 eolles,

208 686 243 739 et
257 675 392 740 domino
408 679 489 740 satis
504 688 539 742 et
555 679 692 743 nimium
712 683 844 764 furique
861 682 1015 764 lupoque,

208 799 298 842 nunc
314 780 515 844 desiderium
531 795 700 864 superest:
725 805 802 847 nam
819 804 899 848 cura
914 795 1065 860 novatur,

209 902 285 946 cum
303 902 429 946 memor
444 895 523 948 ante
539 896 631 949 actos
647 907 781 970 semper
797 888 891 952 dolor
906 887 1064 951 admonet
1080 907 1195 951 annos.

208 986 268 1049 sed
285 986 362 1049 licet
377 988 546 1070 asperiora
561 990 684 1054 cadant
700 993 890 1075 spolierque
907 991 1039 1067 relictis,

208 1109 276 1152 non
292 1099 324 1153 te
341 1091 495 1155 deficient
510 1103 645 1157 nostrae
662 1115 845 1160 memorare
862 1096 1039 1161 Camenae.

208 1213 271 1257 nec
289 1194 394 1256 solum
411 1194 471 1258 tibi
488 1195 585 1259 Pierii
601 1198 787 1262 tribuentur
803 1200 961 1263 honores:

209 1316 270 1378 pro
285 1306 319 1360 te
333 1298 387 1359 vel
403 1299 536 1380 rapidas
551 1302 658 1363 ausim
675 1303 774 1365 maris
791 1304 838 1366 ire
855 1322 915 1384 per
930 1303 1046 1378 undas,

209 1400 357 1464 adversis
372 1401 511 1466 hiberna
527 1403 605 1468 licet
618 1414 771 1470 tumeant
786 1407 873 1470 treta
885 1407 1003 1482 ventiS,

208 1513 318 1586 prote
334 1505 388 1569 vel
403 1505 516 1570 densis
532 1508 621 1572 solus
638 1509 818 1574 subsistere
834 1509 950 1573 turmis

208 1608 264 1671 vel
280 1629 419 1690 parvum
435 1611 609 1676 Aetnaeae
626 1633 747 1696 corpus
763 1615 969 1678 committere
985 1613 1148 1678 flammae.

209 1733 282 1776 sum
299 1717 541 1801 quodcumque,
558 1729 727 1784 tuumest.
776 1719 882 1782 nostri
899 1718 928 1782 si
943 1718 1082 1800 parvula
1097 1737 1177 1780 cura

210 1819 253 1882 sit
268 1818 335 1895 tibi,
353 1832 478 1902 quanta
494 1822 583 1898 libet,
597 1824 625 1886 si
640 1823 683 1887 sit
699 1824 807 1898 modo,
825 1843 893 1887 non
910 1821 991 1884 mihi
1006 1840 1111 1902 regna

210 1922 327 2006 Lydia,
344 1943 412 1987 non
428 1927 541 2007 magni
557 1928 664 2007 potior
681 1927 724 1989 sit
739 1927 830 1989 lama
846 1924 992 2011 Gylippi,

210 2045 309 2107 posse
327 2027 488 2092 Meleteas
505 2050 567 2093 nec
584 2031 716 2094 mallem
733 2031 866 2094 vincere
886 2029 1027 2093 chartas.

209 2130 298 2210 quod
315 2130 374 2193 tibi
390 2131 418 2194 si
432 2152 548 2197 versus
565 2143 688 2209 noster,
705 2144 837 2198 totusve
854 2135 1015 2208 minusve,

209 2232 262 2296 vel
277 2234 363 2298 bene
379 2236 421 2299 sit
437 2247 546 2312 notus,
564 2257 692 2301 summo
709 2223 900 2301 velinerret
914 2237 1028 2313 inore,

209 2339 302 2401 nulla
318 2339 398 2402 mihi
413 2349 560 2404 statuent
576 2343 675 2404 linem
693 2351 726 2405 te
742 2342 813 2404 lata
829 2341 979 2405 canendi

119 2465 168 2520 205
209 2443 289 2523 quin
305 2445 404 2506 etiam
422 2464 495 2508 mea
510 2454 590 2509 tunc
605 2446 753 2508 tumulus
769 2466 845 2509 cum
861 2446 979 2509 texerit
994 2464 1080 2520 ossa,

208 2564 268 2637 seu
284 2556 413 2610 matura
429 2548 499 2611 dies
516 2547 656 2612 celerem
675 2560 831 2630 properat
848 2549 928 2611 mihi
945 2557 1094 2622 mortem,

208 2647 311 2730 longa
327 2660 438 2714 manet
453 2670 512 2714 seu
528 2653 604 2726 vita,
623 2661 746 2728 tamen,
763 2662 890 2715 mutata
905 2653 1012 2732 ligura

155 2817 157 2821 .
208 2772 269 2816 seu
285 2773 338 2816 me
353 2753 457 2834 finget
473 2774 596 2836 equum
612 2754 737 2836 rigidos
754 2775 945 2837 percurrere
961 2773 1098 2836 campos

208 2856 344 2919 doctum
361 2876 420 2920 seu
435 2857 521 2920 tardi
537 2857 666 2940 pecoris
683 2860 744 2922 sim
761 2858 866 2939 gloria
881 2867 995 2920 taurus

119 2985 166 3022 κιο
210 2959 280 3023 sive
296 2979 359 3040 ego
376 2979 437 3041 per
453 2959 614 3042 liquidum
630 2961 773 3024 volucris
788 2962 892 3024 vehar
907 2980 985 3024 aera
1002 2961 1131 3042 pennis,

208 3063 487 3145 quandocumque
503 3062 671 3127 hominem
689 3084 741 3127 me
758 3065 857 3146 longa
874 3063 1037 3146 receperit
1052 3074 1154 3139 aetas,

207 3164 351 3247 inceptis
366 3166 409 3230 de
424 3175 458 3230 te
474 3167 647 3230 subtexam
664 3168 811 3231 carmina
827 3166 958 3231 chartis.

660 3446 686 3512 2

209 3587 359 3670 Sulpicia
375 3599 426 3652 est
440 3589 501 3653 tibi
516 3588 605 3653 culta
620 3589 695 3664 tuis,
715 3591 807 3652 Mars
823 3610 955 3670 magne,
972 3587 1146 3653 kalendis:

254 3702 438 3772 spectatum
456 3712 474 3756 e
491 3694 592 3769 caelo,
611 3694 638 3755 si
655 3693 753 3774 sapis,
771 3695 844 3775 ipse
859 3694 944 3756 veni.

647 3799 703 3878 165
