2908 4284
230 296 253 344 4,
264 296 289 346 4,
303 282 348 351 13]
696 276 868 326 TIBVLLVS

314 439 481 505 interdum
497 450 604 516 vovet,
622 441 797 517 interdum,
814 442 904 524 quod
920 441 1078 524 langueat
1092 443 1158 520 illa,

357 544 438 607 dicit
451 543 485 606 in
502 554 655 607 aeternos
672 564 790 625 aspera
805 546 908 608 verba
923 547 1012 610 deos.

230 670 258 722 ις
315 668 403 729 pone
419 658 552 723 metum,
571 647 746 712 Cerinthe:
770 648 854 712 deus
869 669 936 713 non
952 649 1054 713 laedit
1068 661 1229 715 amantes.

359 762 394 815 tu
411 751 510 815 modo
526 771 658 834 semper
674 771 768 814 ama:
794 754 886 816 salva
902 754 1014 836 puella
1029 755 1089 818 tibi
1104 764 1164 818 est.

228 882 255 918 21
317 855 364 920 nil
380 877 464 939 opus
480 845 531 920 est
546 856 645 920 fletu:
670 856 813 919 lacrimis
828 859 890 922 erit
906 858 1015 941 aptius
1032 858 1088 934 uti,

359 960 387 1024 si
403 962 536 1043 quando
550 961 652 1024 fuerit
668 961 791 1025 tristior
807 962 863 1024 illa
878 963 946 1026 tibi.

229 1091 257 1140 17
316 1075 351 1129 at
366 1085 455 1128 nunc
471 1075 541 1129 tota
556 1075 613 1129 tua
628 1076 688 1142 est,
705 1075 739 1129 te
755 1066 861 1129 solum
878 1066 1019 1130 eandida
1034 1086 1146 1130 secum

357 1171 491 1255 cogitat,
507 1170 681 1234 etlrustra
697 1171 832 1234 credula
847 1170 944 1233 turba
961 1170 1062 1233 sedet.

315 1273 457 1350 Phoebe,
475 1274 571 1337 fave:
596 1275 668 1337 laus
683 1295 806 1355 magna
821 1274 882 1337 tibi
897 1274 1060 1337 tribuetur
1075 1272 1108 1335 in
1125 1294 1191 1336 uno

227 1403 258 1439 20
345 1396 484 1459 corpore
500 1389 631 1442 servato
648 1378 832 1442 restituisse
847 1378 940 1442 duos

226 1506 257 1557 ²3
315 1481 380 1543 iam
398 1480 537 1557 celeber,
553 1483 618 1544 iam
636 1482 742 1546 laetus
758 1483 832 1557 eris,
849 1501 924 1545 cum
940 1481 1053 1544 debita
1068 1480 1185 1543 reddet

357 1584 506 1648 certatim
523 1586 647 1649 sanctis
663 1585 770 1649 laetus
787 1594 926 1666 uterque
942 1582 1035 1647 locis.

225 1708 256 1762 ις
312 1697 392 1751 tunc
408 1697 441 1750 te
456 1688 590 1752 felicem
607 1688 695 1752 dicet
710 1689 766 1769 pia
781 1688 878 1751 turba
893 1687 1041 1763 deorum,

355 1790 520 1873 optabunt
535 1801 624 1855 artes
639 1802 674 1855 et
689 1791 751 1854 sibi
767 1793 907 1874 quisque
921 1798 1005 1854 tuas.

763 2059 785 2154 5

312 2212 380 2295 Qui
396 2213 477 2277 mihi
491 2222 534 2290 te,
552 2213 721 2290 Cerinthe,
738 2213 809 2278 dies
825 2213 926 2289 dedit,
943 2213 997 2277 hic
1012 2212 1095 2276 mihi
1110 2221 1246 2276 sauctus

355 2327 455 2398 atque
470 2318 558 2381 iuter
572 2317 678 2380 festos
693 2337 827 2399 semper
843 2317 1017 2381 habendus
1033 2317 1104 2378 erit.

312 2429 345 2482 te
361 2430 518 2484 nascente
534 2440 656 2483 novum
674 2421 798 2485 Parcae
813 2420 964 2484 cecinere
980 2419 1099 2502 puellis

355 2525 523 2587 servitium
540 2533 574 2586 et
589 2523 753 2587 dederunt
769 2545 873 2606 regna
889 2523 1033 2606 superba
1049 2521 1118 2586 tibi.

242 2643 256 2698 5
314 2617 392 2690 uror
406 2647 470 2708 ego
485 2637 563 2691 ante
578 2627 678 2690 alias:
702 2629 795 2691 iuvat
810 2629 882 2704 hoc,
900 2628 1068 2702 Cerinthe,
1086 2625 1175 2708 quod
1191 2645 1279 2701 uror,

355 2729 383 2793 si
397 2731 456 2794 tibi
471 2732 513 2795 de
529 2732 626 2795 nobis
642 2741 776 2795 mutuus
792 2731 880 2814 ignis
896 2732 999 2795 adest.

311 2843 445 2897 mutuus
461 2835 548 2899 adsit
563 2856 664 2911 amor,
683 2856 743 2918 per
759 2846 792 2898 te
808 2834 999 2898 dulcissima
1014 2835 1105 2897 furta

354 2957 480 3021 perque
496 2948 571 3002 tuos
587 2940 700 3002 oculos
717 2960 777 3021 per
793 2938 1003 3022 Geniumque
1018 2946 1109 3019 rogo.

310 3062 408 3105 mane
424 3043 519 3119 Geni,
536 3064 619 3127 cape
635 3054 710 3107 tura
726 3044 832 3107 libens
846 3045 998 3124 votisque
1014 3043 1136 3116 faveto,

226 3171 255 3206 10
342 3147 370 3208 si
387 3145 493 3223 modo,
510 3168 585 3210 cum
601 3149 643 3211 de
660 3168 713 3210 me
729 3149 863 3229 cogitat,
880 3148 935 3210 ille
951 3146 1046 3210 calet.

310 3250 400 3331 quod
416 3251 443 3314 si
458 3252 545 3315 forte
561 3253 643 3315 alios
658 3253 723 3315 iam
740 3272 829 3315 nunc
847 3253 990 3334 suspiret
1006 3270 1145 3328 amores,
1209 3295 1211 3302 κ

354 3364 433 3418 tunc
450 3376 566 3438 precor
581 3358 710 3433 infidos,
728 3366 853 3430 sancte,
870 3355 1018 3437 relinque
1034 3355 1136 3417 locos.

310 3476 372 3521 nec
388 3468 423 3521 tu
440 3461 485 3523 sis
501 3459 631 3536 iniusta,
647 3463 784 3525 Venus:
810 3460 861 3523 vel
878 3460 1000 3522 serviat
1016 3477 1122 3539 aeque

352 3563 483 3626 vinctus
499 3574 639 3645 uterque
655 3563 723 3640 tibi,
740 3564 794 3626 vel
810 3583 884 3625 mea
899 3562 1008 3625 vincla
1025 3563 1106 3624 leva.

224 3681 253 3734 Ῑ5
309 3664 369 3728 sed
384 3666 495 3748 potius
511 3667 620 3730 valida
634 3676 808 3731 teneamur
823 3676 962 3748 uterque
978 3675 1106 3741 catena,

743 3772 801 3842 168
