2908 4284
526 301 632 351 ursas
655 302 815 364 Qvlurvs

117 489 135 542 5
204 464 335 527 solliciti
352 475 430 528 sunt
445 486 506 546 pro
523 466 628 541 nobis,
645 465 763 548 quibus
777 466 833 528 illa
849 465 953 530 dolori
969 477 1021 531 est

250 589 293 632 ne
309 569 425 632 cedam
443 569 566 650 ignoto,
585 571 726 632 maxima
742 591 852 646 causa,
870 581 951 633 toro.

646 812 696 875 II

207 960 315 1023 Estne
331 959 399 1035 tibi,
413 961 581 1037 Cerinthe,
599 972 676 1025 tuae
693 963 747 1043 pia
759 981 839 1024 cura
854 962 994 1044 puellae,

169 1077 175 1092 ·
251 1064 339 1146 quod
356 1084 429 1126 mea
447 1085 535 1128 nunc
550 1075 648 1128 vexat
664 1084 804 1147 corpora
819 1065 910 1129 fessa
925 1065 1034 1130 calor?

206 1188 227 1230 a
243 1187 306 1248 ego
322 1188 389 1231 non
406 1168 500 1231 aliter
515 1167 625 1232 tristes
641 1168 794 1232 evincere
811 1169 943 1232 morbos

250 1273 402 1352 optarim,
420 1291 518 1353 quam
535 1282 568 1335 te
584 1272 612 1334 si
627 1293 759 1354 quoque
775 1273 859 1335 velle
876 1283 999 1354 putem.

116 1399 131 1453 5
203 1382 240 1437 at
254 1373 335 1436 mihi
351 1375 429 1456 quid
446 1377 551 1456 prosit
567 1375 699 1439 morbos
716 1375 878 1452 evincere,
896 1377 923 1438 si
940 1386 975 1440 tu

250 1487 364 1541 nostra
380 1487 475 1560 potes
491 1477 581 1541 lento
598 1489 731 1559 pectore
747 1478 836 1543 ferre
852 1480 958 1544 mala?

646 1720 701 1784 12

207 1869 261 1933 Ne
277 1868 336 1933 tibi
350 1870 421 1946 sim,
439 1889 514 1934 mea
529 1872 594 1947 lux,
611 1890 717 1952 aeque
736 1869 801 1934 iam
822 1872 950 1936 fervida
965 1891 1045 1937 cura

249 1993 288 2036 ac
304 1973 417 2036 videor
433 1994 557 2056 paucos
574 1986 652 2038 ante
669 1974 773 2038 luisse
786 1976 870 2052 dies,

205 2078 233 2141 si
249 2077 426 2160 quicquam
442 2088 512 2142 tota
528 2079 678 2143 commisi
692 2080 793 2144 stulta
810 2083 946 2144 iuventa

250 2181 343 2244 euius
360 2201 412 2244 me
427 2183 537 2246 fatear
553 2183 757 2265 paenituisse
774 2186 890 2266 magis,

113 2308 129 2364 5
201 2284 358 2348 hesterna
374 2306 473 2368 quam
490 2296 523 2348 te
541 2287 646 2350 solum
664 2289 753 2371 quod
770 2298 867 2352 nocte
884 2287 1011 2371 reliqui,

249 2387 401 2451 ardorem
417 2389 555 2472 cupiens
570 2391 779 2456 dissimulare
795 2411 915 2455 meum.

644 2632 696 2723 13

207 2762 309 2826 Nulla
325 2774 418 2827 tuum
435 2765 530 2829 nobis
547 2767 711 2830 subducet
726 2766 852 2830 femina
867 2765 1007 2830 lectum:

1083 299 1121 366 [42
1135 312 1172 362 ¹3¹
1187 310 1217 347 ¹⁰

251 2867 313 2930 hoc
329 2868 471 2949 primum
488 2869 601 2933 iuncta
617 2880 667 2933 est
683 2871 818 2933 loedere
835 2879 947 2933 nostra
963 2870 1088 2933 Venus.

205 2978 243 3032 tu
259 2972 339 3033 mihi
355 2972 425 3035 sola
442 2973 563 3054 places,
581 2994 643 3037 nec
659 2975 723 3036 iam
740 2984 774 3037 te
790 2983 922 3056 praeter
937 2973 971 3035 in
988 2973 1069 3036 urbe

248 3074 396 3138 formosa
413 3085 464 3139 est
479 3077 583 3139 oculis
599 3077 666 3140 ulla
682 3077 793 3159 puella
809 3076 900 3140 meis.

132 3196 148 3251 5
206 3186 306 3259 atque
323 3180 449 3241 utinam
467 3199 583 3261 posses
599 3180 656 3243 uni
671 3181 751 3242 mihi
767 3179 854 3242 bella
868 3180 991 3244 videri!

249 3280 425 3363 displiceas
442 3282 533 3346 aliis:
557 3283 604 3347 sic
620 3304 683 3364 ego
699 3293 790 3346 tutus
806 3303 872 3347 ero.

158 3369 165 3382 ⁶
206 3383 253 3445 nil
268 3404 352 3465 opus
368 3385 491 3448 invidia
506 3396 567 3462 est,
585 3373 700 3468 procul
716 3386 802 3450 absit
818 3386 923 3468 gloria
938 3385 1048 3467 vulgi:

249 3489 305 3569 qui
321 3490 418 3569 sapit,
435 3490 467 3551 in
485 3490 585 3553 tacito
603 3490 748 3570 gaudeat
761 3490 817 3553 ille
834 3491 917 3553 sinu.

205 3588 253 3653 sic
269 3610 332 3671 ego
348 3592 484 3664 secretis
500 3613 636 3675 possum
652 3593 738 3656 bene
754 3592 865 3656 vivere
881 3593 982 3670 silvis,

115 3721 147 3758 ιο
249 3714 314 3776 qua
330 3696 421 3758 nulla
437 3698 583 3760 humano
600 3697 641 3760 sit
656 3696 710 3759 via
724 3695 802 3758 trita
818 3696 912 3777 pede.

634 3813 690 3880 171
