2908 4284
679 307 848 356 TIBVLLVS
858 354 861 361 .

743 516 776 606 4

298 682 369 749 ‘Sic
385 681 543 747 umbrosa
558 681 618 746 tibi
634 681 830 762 contingant
846 688 943 754 tecta,
961 677 1088 760 Priape,

340 807 384 850 ne
399 785 501 868 capiti
517 785 614 860 soles,
631 805 673 848 ne
690 793 900 865 noceantque
916 783 1024 845 nives:

297 910 383 973 quae
398 899 456 952 tua
472 889 637 953 formosos
653 887 742 970 cepit
758 886 922 950 sollertia?
938 894 1026 949 certe

341 1013 412 1057 non·
424 993 483 1055 tibi
499 991 603 1054 barba
616 991 708 1066 nitet,
726 1011 793 1054 non
810 989 870 1052 tibi
885 989 974 1052 culta
990 1007 1086 1051 coma
1101 995 1161 1062 est,

211 1123 226 1178 5
304 1097 413 1161 nudus
429 1105 463 1160 et
478 1095 636 1159 hibernae
653 1093 808 1176 producis
824 1093 950 1173 frigora
965 1091 1111 1165 brumae,

342 1201 451 1263 nudus
467 1209 501 1263 et
515 1197 634 1262 aestivi
649 1207 801 1279 tempora
817 1197 905 1259 sicca
921 1194 1041 1260 Canis)

298 1306 346 1368 sic
361 1324 441 1385 ego:
457 1313 527 1367 tum
544 1301 670 1365 Bacchi
686 1299 857 1383 respondit
873 1299 995 1361 rustica
1012 1296 1122 1379 proles

341 1417 488 1471 armatus
504 1426 605 1469 curva
622 1407 668 1468 sic
685 1404 765 1466 mihi
781 1402 867 1466 falce
883 1402 974 1466 deus.
996 1415 999 1423 ·

299 1517 334 1572 ‘o
351 1510 432 1591 fuge
447 1519 481 1572 te
496 1519 632 1572 tenerae
649 1526 825 1589 puerorum
842 1494 977 1568 credere
993 1504 1126 1567 turbae:

110 1621 111 1624 ’
213 1639 243 1676 ιο
341 1633 418 1675 nam
435 1632 570 1676 causam
586 1613 663 1674 iusti
680 1629 812 1692 semper
828 1610 949 1671 amoris
966 1607 1100 1669 babent.

299 1715 352 1780 hic
369 1716 487 1798 placet,
505 1717 655 1797 angustis
671 1714 760 1797 quod
776 1732 899 1796 equum
916 1709 1098 1792 compescit
1114 1708 1276 1772 habenis:

342 1819 396 1882 hic
412 1818 576 1901 placidam
592 1818 689 1881 niveo
706 1827 839 1899 pectore
856 1816 950 1899 pellit
965 1832 1102 1896 aquam:

299 1923 362 2000 hic,
379 1922 456 2005 quia
472 1921 568 1985 fortis
585 1921 680 1985 adest
696 1920 843 1996 audacia,
862 1920 966 2002 cepit:
983 1917 1079 1981 atilli

342 2025 512 2108 virgineus
527 2034 661 2088 teneras
678 2034 743 2088 stat
759 2024 867 2107 pudor
883 2034 960 2088 ante
978 2041 1092 2105 genas.
1120 2013 1124 2020 ’

214 2155 243 2209 15
299 2129 359 2194 sed
375 2139 467 2192 nete
483 2129 625 2211 capiant,
645 2128 751 2210 primo
768 2130 795 2190 si
811 2128 898 2191 forte
917 2126 1063 2208 negabit,

343 2233 471 2296 taedia:
496 2231 656 2314 paulatim
672 2232 734 2295 sub
750 2231 827 2312 iuga
844 2231 929 2294 colla
946 2230 1047 2294 dabit.

300 2335 401 2417 longa
416 2335 487 2399 dies
504 2335 629 2398 homini
645 2334 757 2397 docuit
773 2354 890 2415 parere
909 2335 1032 2410 leones,

344 2439 444 2520 longa
460 2438 529 2501 dies
546 2438 637 2501 molli
654 2458 732 2500 saxa
749 2439 877 2520 peredit
895 2460 997 2522 aqua:

300 2562 407 2606 annus
422 2543 457 2604 in
474 2543 595 2624 apricis
609 2550 752 2605 maturat
768 2543 908 2607 collibus
924 2563 1014 2620 uvas,

214 2674 244 2710 ιο
342 2665 450 2709 annus
467 2645 537 2726 agit
552 2655 642 2708 certa
659 2645 768 2708 lucida
786 2647 882 2728 signa
897 2647 978 2712 vice.

300 2769 361 2812 nec
377 2746 485 2812 iurare
500 2749 594 2812 time:
611 2749 753 2813 Veneris
770 2751 914 2831 periuria
929 2752 1020 2814 venti

343 2851 434 2915 irrita
449 2871 509 2934 per
524 2861 628 2915 terras
645 2863 679 2924 et
694 2853 782 2916 freta
798 2873 928 2916 summa
944 2855 1064 2918 ierunt.

299 2956 407 3038 gratia
422 2975 546 3036 magna
563 2955 648 3018 Iovi:
665 2957 770 3020 vetuit
787 2967 882 3039 pater
898 2959 970 3039 ipse
984 2957 1096 3022 valere

342 3060 485 3122 iurasset
500 3059 620 3140 cupide
636 3059 797 3142 quidquid
814 3062 948 3141 ineptus
965 3081 1074 3125 amor:

214 3188 244 3242 25
299 3182 426 3246 perque
443 3171 520 3225 suas
535 3161 673 3244 impune
690 3162 768 3226 sinit
786 3164 956 3247 Dictynna
973 3166 1111 3246 sagittas

344 3265 508 3341 adfirmes,
526 3267 634 3328 crines
651 3286 776 3349 perque
795 3266 949 3330 Minerva
966 3288 1052 3332 suos

299 3378 334 3432 at
349 3367 378 3432 si
392 3368 508 3431 tardus
524 3369 597 3445 eris,
616 3369 760 3432 errabis:
785 3370 924 3432 transiet
940 3381 1051 3435 aetas:

345 3492 444 3554 quam
462 3471 527 3536 cito
544 3493 611 3535 non
628 3472 740 3552 segnis
757 3483 823 3536 stat
839 3483 1031 3556 remeatque
1046 3474 1126 3551 dies,

301 3596 400 3659 quam
417 3578 483 3640 cito
499 3596 684 3657 purpureos
700 3575 852 3658 deperdit
867 3586 954 3639 terra
970 3578 1105 3654 colores,

213 3709 245 3760 30
344 3700 444 3763 quarn
461 3680 526 3743 cito
543 3679 707 3743 formosas
725 3680 868 3761 populus
884 3680 960 3744 alba
975 3683 1105 3744 comas!

733 3787 793 3849 116
