2908 4284
576 923 722 986 LIBER
754 921 1005 987 SECVNDVS

782 1117 797 1180 I

326 1259 485 1342 Quisquis
501 1260 605 1335 adest,
621 1259 753 1322 faveat:
778 1259 893 1339 fruges
909 1257 1089 1322 lustramus
1104 1268 1138 1322 et
1153 1276 1255 1339 agros

367 1364 450 1426 ritus
466 1371 502 1426 ut
517 1383 537 1425 a
553 1363 662 1444 prisco
677 1361 818 1425 traditus
834 1371 942 1426 exstat
957 1381 1028 1425 avo.

326 1467 467 1541 Bacche,
484 1466 570 1542 veni,
587 1465 759 1548 dulcisque
775 1466 841 1528 tuis
857 1485 876 1528 e
892 1464 1047 1528 cornibus
1063 1485 1127 1527 uva

368 1570 521 1651 pendeat,
539 1579 573 1632 et
589 1570 689 1650 spicis
705 1578 858 1650 tempora
873 1569 980 1650 cinge,
999 1568 1109 1632 Ceres.

252 1698 268 1752 5
325 1672 400 1736 luce
416 1693 510 1736 sacra
526 1661 712 1756 requiescat
728 1673 858 1748 humus,
875 1673 1061 1755 requiescat
1077 1680 1196 1747 arator,

368 1786 402 1840 et
417 1796 519 1858 grave
536 1795 701 1859 suspenso
715 1795 849 1840 vomere
865 1785 974 1839 cesset
989 1795 1082 1856 opus.
1211 1781 1214 1790 ⁴

325 1879 442 1943 solvite
456 1880 566 1943 vincla
581 1881 686 1962 iugis:
711 1900 800 1943 nunc
816 1879 858 1943 ad
874 1878 1048 1960 praesepia
1064 1878 1187 1942 debent

368 1983 468 2065 plena
484 1993 641 2047 coronato
658 1993 746 2047 stare
761 1983 864 2047 boves
879 1983 997 2064 capite.

324 2087 436 2150 omnia
452 2087 518 2149 sint
533 2097 672 2168 operata
687 2088 768 2151 deo:
793 2106 860 2149 non
877 2085 998 2149 audeat
1015 2086 1081 2148 ulla

206 2226 210 2236 ·
239 2214 270 2252 ιο
368 2189 531 2253 lanificam
548 2192 662 2271 pensis
678 2190 877 2272 imposuisse
893 2209 1038 2252 manum.

323 2313 383 2357 vos
399 2307 531 2377 quoque
547 2294 665 2358 abesse
681 2295 798 2376 procul
814 2294 919 2370 iube0,
936 2293 1085 2358 discedat
1100 2293 1142 2356 ab
1158 2291 1234 2369 aris,

368 2396 422 2461 cui
436 2397 511 2460 tulit
526 2398 683 2461 hesterna
699 2397 821 2480 gaudia
836 2407 934 2460 nocte
950 2398 1075 2461 Venus.

323 2509 417 2564 casta
432 2500 565 2582 placent
582 2501 730 2583 superis:
755 2521 838 2583 pura
854 2520 929 2564 cum
944 2510 1038 2564 veste
1048 2499 1164 2588 uvenite

368 2613 402 2668 et
418 2603 570 2668 manibus
587 2606 678 2685 puris
695 2604 815 2668 sumite
831 2593 933 2668 fontis
949 2624 1078 2686 aquam.

239 2731 268 2785 15
323 2708 448 2771 cernite
465 2707 635 2788 fulgentes
651 2716 687 2770 ut
702 2717 757 2772 eat
772 2728 867 2771 sacer
882 2728 989 2789 agnus
1005 2707 1046 2770 ad
1063 2726 1138 2770 aras

366 2811 543 2891 vinctaque
560 2819 636 2891 post
651 2812 724 2876 olea
740 2794 992 2876 candida'turba
1007 2831 1129 2875 comas.

323 2913 357 2974 di
374 2913 479 2993 patrii,
497 2933 679 2995 purgamus
694 2935 803 2997 agros,
820 2935 1002 2998 purgamus
1015 2923 1184 2997 agrestes:

366 3036 425 3079 vos
441 3017 528 3079 mala
544 3017 585 3080 de
601 3019 722 3081 nostris
738 3019 851 3101 pellite
866 3019 1033 3097 limitibus,

322 3139 388 3182 neu
403 3139 502 3201 seges
518 3120 631 3184 eludat
646 3141 787 3186 messem
806 3123 980 3186 fallacibus
997 3122 1117 3198 herbis,

236 3248 268 3285 κο
365 3242 431 3286 neu
447 3224 562 3287 timeat
578 3226 703 3289 celeres
718 3225 843 3289 tardior
858 3246 946 3308 agna
962 3228 1068 3308 lupos.

323 3334 402 3390 tunc
418 3327 543 3391 nitidus
559 3328 666 3410 plenis
683 3330 829 3393 confisus
845 3329 987 3394 rusticus
1002 3331 1091 3412 agris
1207 3384 1211 3391 .

366 3429 497 3511 ingeret
513 3431 642 3496 ardenti
657 3432 797 3514 grandia
814 3433 1005 3515 lignamen,

322 3532 486 3617 turbaque
502 3554 689 3610 vernarum,
706 3535 809 3599 saturi
824 3536 913 3599 bona
927 3536 1023 3617 signa
1038 3536 1155 3615 coloni,

366 3635 458 3701 ludet
474 3647 564 3701 etex
579 3637 680 3719 virgis
696 3647 843 3702 exstruet
858 3647 935 3704 ante
951 3660 1056 3704 casas.

758 3767 817 3830 134
