2902 4288
709 268 877 318 TIBVLLVS

324 432 440 526 lallere
456 433 628 496 custodem
645 432 815 496 dominum
832 432 985 497 docuisse
999 433 1133 508 fatetur,

237 564 285 614 450
368 556 472 618 seque
488 557 549 598 sua
566 536 722 600 miserum
740 556 829 600 nunc
846 537 891 599 ait
907 547 978 599 arte
995 535 1110 618 premi,

325 659 435 720 saepe,
452 641 542 703 velut
559 660 726 721 gemmam
743 640 897 703 dominae
915 640 1089 721 signumve
1106 638 1271 723 probaret,

242 731 245 736 ¹
368 763 428 825 per
443 763 578 806 causam
595 744 745 808 meminit
760 763 797 806 se
812 744 963 826 tetigisse
980 764 1125 819 manum,

324 858 427 928 utque
443 847 555 922 reiert,
572 846 684 928 digitis
700 867 802 927 saepe
818 857 869 910 est
887 845 1037 930 nutuque
1054 848 1184 910 locutus

367 962 401 1014 et
415 953 551 1014 tacitam
567 971 703 1014 mensae
720 951 812 1015 duxit
827 953 861 1013 in
878 951 958 1015 orbe
975 962 1106 1029 notam;

236 1081 283 1134 455
325 1066 358 1119 et
374 1054 493 1136 quibus
509 1075 527 1117 e
544 1054 631 1118 sucis
648 1055 746 1119 abeat
762 1055 804 1118 de
820 1075 958 1138 corpore
973 1055 1056 1119 livor
1080 1139 1082 1144 Ι

367 1158 530 1239 impresso
546 1159 617 1222 lieri
632 1160 689 1242 qui
706 1159 791 1223 solet
807 1179 863 1222 ore
891 1160 1005 1223 docet:

324 1262 468 1345 denique
484 1262 526 1326 ab
542 1264 676 1326 incauto
693 1262 830 1326 nimium
847 1263 931 1346 petit
947 1263 1000 1326 ille
1018 1262 1143 1341 marito,

368 1386 404 1430 se
420 1385 552 1449 quoque
568 1367 616 1430 uti
632 1376 756 1452 servet,¹
769 1378 886 1448 peccet
903 1378 939 1431 ut
953 1367 1009 1430 illa
1025 1369 1143 1430 minus.

324 1470 387 1535 scit
402 1472 455 1534 cui
472 1471 618 1545 latretur,
636 1490 712 1533 cum
731 1470 822 1533 solus
837 1470 1028 1535 obambulet
1044 1473 1125 1552 ipse,

162 1637 164 1642 .
236 1587 284 1649 460
365 1576 419 1638 cui
434 1575 557 1639 totiens
573 1575 705 1638 clausas
723 1584 873 1638 exscreet
888 1585 966 1639 ante
981 1575 1081 1650 fores,

324 1679 494 1761 multaque
510 1679 567 1741 dat
583 1678 663 1741 furti
680 1678 755 1742 talis
772 1688 951 1761 praecepta
966 1679 1129 1761 docetque

369 1803 435 1865 qua
450 1792 576 1864 nuptae
593 1782 722 1865 possint
739 1781 856 1846 fallere
872 1782 914 1845 ab
930 1792 1001 1845 arte
1016 1783 1113 1845 viros,
1167 1765 1168 1770 ἵ

215 1892 224 1922 ⁸
325 1906 391 1949 non
408 1886 472 1950 fuit
488 1887 551 1949 hoc
567 1887 614 1948 illi
631 1885 750 1961 fraudi,
769 1885 956 1968 legiturque
971 1885 1125 1948 Tibullus

368 1999 401 2053 et
417 1990 536 2073 placet,
556 2000 589 2053 et
605 1990 669 2052 iam
687 2001 720 2053 te
733 1990 883 2072 principe
900 2000 998 2052 notus
1014 1998 1095 2052 erat.

236 2106 283 2172 465
326 2093 475 2157 invenies
491 2095 607 2158 eadem
625 2093 738 2157 blandi
754 2104 933 2175 praecepta
950 2091 1118 2174 Properti;

368 2198 544 2262 destrictus
562 2198 697 2260 minima
714 2218 775 2260 nec
792 2207 904 2261 tamen
921 2197 974 2259 ille
991 2206 1070 2259 nota
1086 2206 1145 2260 est.

299 2289 303 2298 ’
325 2298 377 2361 his
393 2317 457 2380 ego
473 2297 673 2362 successi—

650 2435 747 2498 Tn'st.
764 2453 795 2513 4,
818 2451 864 2510 10,
885 2447 920 2513 51

325 2556 509 2638 Vergilium
524 2557 592 2619 vidi
608 2566 748 2631 tantum,
766 2576 828 2619 nec
845 2575 957 2618 amara
973 2553 1106 2617 Tibullo

368 2670 500 2742 tempus
516 2661 680 2723 amicitiae
695 2661 767 2722 fata
783 2659 904 2722 dedere
921 2678 1023 2721 meae.

325 2783 497 2827 successor
512 2765 577 2827 fuit
593 2765 645 2826 hic
662 2764 731 2840 tibi,
749 2763 854 2838 Galle,
872 2760 1063 2843 Propertius
1076 2759 1141 2837 illi;

369 2878 506 2949 quartus
520 2866 563 2931 ab
580 2868 630 2930 his
646 2868 731 2931 serie
746 2865 905 2948 temporis
920 2866 992 2946 ipse
1007 2864 1065 2926 fui.

667 3023 810 3101 Trz'st.5‚
833 3034 915 3100 1,15

326 3143 460 3207 delicias
477 3143 505 3206 si
520 3144 593 3226 quis
610 3144 798 3225 lascivaque
814 3143 961 3205 carmina
978 3139 1115 3222 quaerit.
1230 3187 1232 3190 .

369 3267 580 3329 praemoneo,
599 3268 665 3310 non
682 3257 734 3310 est
750 3248 875 3328 scripta
891 3246 979 3327 quod
996 3245 1059 3306 ista
1075 3242 1176 3324 legat.

325 3352 433 3433 aptior
450 3351 526 3414 huic
543 3351 658 3415 Gallus
674 3350 853 3431 blandique
871 3347 1062 3429 Propertius
1078 3347 1154 3422 oris,

369 3455 486 3536 aptior,
503 3455 673 3535 ingenium
690 3454 778 3528 mite,
796 3452 948 3515 Tibullus
964 3451 1034 3514 erit.

325 3567 425 3639 atque
442 3559 568 3621 utinam
585 3577 723 3620 numero
739 3576 806 3619 non
824 3575 885 3618 nos
901 3574 1052 3618 essemus
1069 3555 1101 3615 in
1120 3552 1203 3617 istol

369 3659 400 3722 ei
416 3661 504 3736 mibi,
522 3681 581 3724 cur
597 3680 754 3742 umquam
774 3660 873 3722 Musa
889 3658 997 3720 iocata
1014 3676 1088 3719 mea
1104 3655 1178 3719 est?

796 3765 854 3839 178
