2908 4284
236 295 261 344 4,
276 295 296 340 1,
306 281 352 347 26]
550 282 553 290 '
704 282 875 332 TIBVLLVS

322 447 391 510 sive
407 448 724 529 minus—certeque
741 457 863 510 canent
880 449 989 510 minus
999 483 1050 523 -‚
1062 468 1161 512 omne
1177 468 1341 512 vovemus

322 550 386 614 hoc
401 550 469 626 tibi,
487 569 550 613 nec
566 560 660 614 tanto
677 560 789 614 careat
805 550 886 613 mihi
902 551 1047 614 carmine
1064 553 1191 614 charta.

321 674 400 717 nam
416 674 618 736 quamquam
635 656 791 736 antiquae
808 654 918 735 gentis
934 664 1094 735 superant
1110 655 1170 718 tibi
1188 655 1318 730 laudes,

322 778 389 821 non
405 768 463 821 tua
480 758 640 821 maiorum
656 767 814 821 contenta
829 767 881 822 est
896 758 1001 839 gloria
1016 759 1117 834 fama,

320 881 383 924 nec
398 862 530 944 quaeris
546 862 626 943 quid
643 882 774 944 quaque
791 861 892 924 index
909 862 971 925 sub
988 863 1134 943 imagine
1150 861 1250 940 dicat,

322 965 382 1028 sed
397 965 529 1046 generis
547 965 673 1048 priscos
689 965 864 1029 contendis
881 965 1014 1029 vincere
1030 967 1184 1041 honores,

322 1089 422 1152 quam
438 1069 498 1133 tibi
514 1071 654 1133 maiores
671 1070 776 1132 maius
793 1070 895 1132 decus
911 1070 984 1151 ipse
1000 1068 1139 1133 futuris:

321 1184 356 1238 at
371 1183 428 1237 tua
444 1194 510 1237 uon
527 1174 642 1238 titulus
657 1175 767 1255 capiet
784 1173 846 1237 sub
863 1173 998 1237 nomine
1015 1172 1116 1250 facta,

321 1283 457 1349 aeterno
474 1274 532 1337 sed
549 1283 647 1338 erunt
661 1273 721 1336 tibi
737 1293 859 1355 magna
875 1273 1044 1336 volumina
1059 1291 1167 1349 versu,

322 1376 585 1460 conveniantque
601 1387 676 1441 tuas
692 1376 805 1458 cupidi
821 1395 1022 1458 componere
1039 1375 1155 1438 laudes

322 1480 468 1564 undique
484 1480 607 1564 quique
622 1488 745 1544 canent
758 1482 869 1544 vincto
886 1480 973 1561 pede
988 1479 1111 1562 quique
1128 1479 1248 1544 soluto.

321 1585 395 1666 quis
411 1585 519 1666 potior
534 1594 702 1648 certamen
717 1583 795 1647 erit:
819 1583 879 1646 sim
896 1583 1048 1646 victorin
1065 1583 1139 1657 illis,

294 1739 296 1743 .
321 1696 359 1751 ut
373 1698 522 1751 nostrum
539 1687 640 1752 tantis
656 1687 832 1751 inscribam
849 1687 971 1750 no'men
987 1686 1020 1748 in
1039 1686 1130 1750 actis.

365 1811 441 1854 nam
458 1793 532 1874 quis
548 1801 580 1855 te
597 1793 722 1855 maiora
734 1792 820 1873 gerit
835 1791 993 1853 castrisue
1010 1789 1145 1854 lorove?

321 1914 382 1958 nec
398 1905 510 1958 tamen
527 1895 580 1958 hic
596 1904 654 1958 aut
669 1895 722 1958 hic
739 1894 798 1958 tibi
811 1895 882 1957 laus
899 1894 1045 1957 maiorve
1061 1892 1220 1970 minorve,

320 1999 407 2061 iusta
423 1998 495 2079 pari
510 1998 669 2080 premitur
684 1998 792 2061 veluti·
802 2017 877 2061 cum
894 1997 1042 2079 pondere
1058 1996 1149 2072 libra,

321 2121 427 2183 prona
442 2121 504 2166 nec
521 2102 584 2165 hac
601 2102 677 2183 plus
694 2111 787 2184 parte
804 2101 898 2165 sedet
913 2121 975 2164 nec
990 2101 1096 2181 surgit
1112 2100 1155 2163 ab
1171 2098 1237 2176 illa,

321 2205 436 2287 qualis,
453 2207 669 2288 inaequatum
685 2205 713 2268 si
729 2206 862 2287 quando
878 2225 963 2268 onus
980 2212 1077 2285 urget
1093 2202 1271 2284 utrimque,

319 2309 482 2373 instabilis
497 2319 591 2372 natat
606 2309 734 2372 alterno
750 2309 938 2390 depressior
953 2306 1043 2371 orbe.

363 2433 441 2476 nam
458 2433 516 2477 seu
532 2412 653 2476 diversi
669 2414 791 2476 fremat
805 2412 1028 2474 inconstantia
1042 2407 1143 2491 vulgi,

320 2535 388 2578 non
404 2517 487 2580 alius
503 2516 620 2580 sedare
636 2525 752 2598 queat:
776 2534 834 2577 seu
850 2514 966 2577 iudicis
981 2515 1030 2576 ira

320 2602 363 2682 sit¹
377 2619 550 2700 placanda,
567 2620 633 2683 tuis
649 2620 770 2701 poterit
786 2619 957 2682 mitescere
973 2617 1092 2680 verbis.

320 2742 389 2786 non
406 2725 503 2808 Pylos
520 2734 578 2787 aut
595 2723 712 2786 Ithace
728 2732 838 2786 tantos
855 2721 1011 2803 genuisse
1029 2721 1183 2784 feruntur

322 2827 467 2890 Nestora
481 2828 535 2890 vel
551 2846 674 2909 parvae
690 2845 848 2906 magnum
865 2826 966 2888 decus
982 2824 1073 2887 urbis
1090 2823 1224 2897 Ulixen,

321 2929 436 2994 vixerit
452 2930 507 2994 ille
523 2951 624 2994 senex
640 2929 801 3012 quamvis,
819 2930 898 2992 dum
914 2938 1009 2992 terna
1025 2947 1085 3009 per
1100 2925 1215 2989 orbem

272 3117 273 3120 Ἴ
321 3034 453 3098 saecula
469 3034 633 3098 fertilibus
650 3033 749 3097 Titan
766 3033 955 3096 decurreret
971 3032 1071 3106 horis,

272 3201 275 3208 ,
322 3136 375 3200 ille
393 3158 451 3219 per
467 3139 599 3219 ignotas
615 3137 725 3201 audax
740 3136 898 3200 erraverit
915 3135 1023 3206 urbes,

322 3261 388 3322 qua
404 3242 502 3304 maris
518 3240 674 3305 extremis
689 3240 787 3304 tellus
803 3238 983 3303 includitur
998 3236 1105 3300 undis.

322 3364 399 3406 nam
417 3346 644 3427 Ciconumque
660 3363 778 3408 manus
795 3341 943 3406 adversis
959 3340 1105 3434 reppulit
1120 3337 1232 3414 armis,

322 3467 384 3511 nec
400 3449 502 3511 valuit
518 3449 603 3512 lotos
618 3457 755 3529 coeptos
771 3456 921 3510 avertere
937 3465 1062 3520 cursus,
1110 3471 1113 3478 ·

323 3550 422 3615 cessit
437 3562 470 3616 et
486 3553 660 3616 Aetnaeae
678 3552 869 3632 Neptunius
884 3549 993 3613 incola
1009 3548 1101 3631 rupis

322 3655 409 3719 victa
427 3657 590 3719 Maroneo
606 3655 760 3718 foedatus
776 3653 901 3717 lumina
918 3653 1067 3716 Baccho:

755 3760 816 3822 160
